3180 5474
691 691 901 756 ..15-

151 894 217 937 non
239 868 380 954 legatis,
413 889 486 934 esse
519 862 787 940 attribuendum,
817 862 869 928 ita
901 869 941 928 ut
976 863 1100 929 mirum
1134 863 1305 944 videatur,
1351 863 1457 950 quod·

152 996 245 1039 error
267 973 327 1038 ille
350 975 481 1050 tantus,
507 990 573 1055 quo
598 967 694 1032 ducti
716 966 896 1033 librarium
932 969 1100 1056 quendam
1135 967 1244 1034 fuisse
1279 972 1447 1055 putarent

151 1077 343 1152 Caesarem,
367 1098 434 1141 non
456 1072 553 1138 modo
577 1076 681 1137 natus
705 1077 759 1136 est
775 1072 834 1137 sed
851 1072 942 1159 apud
959 1073 1123 1159 quosdam
1147 1073 1251 1138 etiam
1274 1072 1447 1138 invetera-

150 1181 213 1247 vit.
238 1203 353 1246 omnes
387 1177 479 1243 locos
510 1175 667 1263 equidem
690 1175 745 1241 hie
769 1198 837 1241 non
869 1199 942 1240 sum
979 1181 1216 1261 congesturuS,
1250 1199 1287 1243 eo
1322 1177 1445 1258 minue,

150 1285 240 1374 quod
264 1285 353 1350 alius
377 1282 445 1347 alio
467 1303 549 1346 usus
573 1279 709 1360 iudicio,
735 1279 765 1345 si
788 1301 903 1345 omnes
927 1280 1052 1345 afferre
1074 1279 1210 1360 vellem,
1247 1286 1310 1345 aut
1344 1280 1446 1346 nimis

152 1413 203 1454 me
228 1392 290 1453 aut
312 1407 433 1472 parum
456 1384 630 1450 curiosum
653 1383 761 1449 fuisse
786 1384 1028 1450 arbitraretur.
1053 1405 1110 1448 eos
1147 1383 1245 1449 modo
1279 1383 1444 1469 congessi,

151 1517 234 1581 quos
251 1490 432 1556 Caesarem
448 1488 626 1575 scripsisse
649 1509 692 1553 ne
708 1489 853 1575 probare
878 1487 1014 1575 quidem
1038 1509 1179 1553 necesse
1203 1492 1266 1553 est.
1293 1488 1353 1553 sed
1377 1487 1446 1553 iam

152 1619 192 1661 ex
225 1594 278 1658 his
308 1593 426 1680 paucis
461 1596 629 1677 appareat
662 1590 737 1657 fieri
770 1590 905 1657 omnino
940 1613 1008 1656 non
1043 1591 1207 1676 potuisse,
1244 1595 1285 1657 ut
1319 1590 1448 1658 Caesar

151 1697 337 1764 relationes
360 1693 617 1761 transcriberet.
642 1716 720 1759 nam
744 1693 773 1759 si
795 1693 870 1781 ipse
894 1694 1106 1760 sententiam
1130 1717 1228 1760 suam
1251 1694 1447 1781 interpone·

152 1803 221 1882 bat,
245 1801 439 1884 legatorum
463 1798 714 1864 sententiarum
739 1797 861 1862 seriem
885 1797 1141 1885 interrupisset.

251 1918 289 1982 B.
323 1941 355 2003 g.
395 1917 453 1983 III
490 1924 522 1999 1,
558 1920 578 1983 5
623 1919 683 2006 qui
721 1919 818 1985 vicus
860 1919 993 2006 positus
1028 1919 1064 1984 in
1093 1920 1187 1986 valle
1223 1912 1295 1987 non¹
1324 1943 1447 2006 magna
1493 1996 1497 2003 ,
1579 1916 1585 1935 ’

151 2022 284 2087 adiecta
306 2021 455 2109 planicie
479 2022 581 2104 (ccv
601 2023 630 2104 9,
655 2024 689 2102 6)
714 2023 896 2088 altissimis
920 2024 1094 2090 montibus
1121 2025 1272 2112 undique
1295 2026 1446 2091 contine·

148 2130 206 2190 tur
238 2124 296 2209 (cf.
333 2125 364 2191 V
399 2127 435 2207 2,
472 2127 516 2210 3).
550 2165 594 2205 ,-
634 2128 701 2194 hic
734 2127 858 2193 vicus
893 2127 1075 2194 Caesari
1118 2152 1197 2195 non
1241 2135 1342 2196 erat
1378 2130 1446 2196 de·

147 2229 428 2310 scribendus,
469 2254 557 2296 cum
596 2254 685 2297 eum
719 2231 813 2297 sine
846 2232 974 2298 dubio
1009 2233 1106 2320 ipse
1142 2234 1445 2318 cognovisset,

147 2331 258 2418 quod
281 2356 425 2399 omnes
449 2334 570 2400 circa
593 2335 801 2419 regiones
825 2335 906 2400 iam
930 2334 1024 2422 ipse
1048 2335 1265 2419 videratl)
1305 2336 1443 2421 (Helve-

146 2436 214 2502 tios
237 2436 300 2517 12,
326 2439 361 2520 3;
387 2438 592 2522 Allobroges
616 2436 674 2518 16,
699 2439 719 2504 2
744 2443 780 2503 et
804 2440 832 2519 3,
847 2438 1046 2520 Ceutrones,
1062 2438 1245 2521 Graioceli,
1262 2439 1447 2526 Caturiges

144 2539 237 2619 110,
268 2542 302 2623 4)
339 2547 398 2620 et,
431 2540 474 2606 id
497 2540 607 2628 quod
632 2542 839 2608 exicitio
864 2542 1034 2628 capitis
1058 2549 1269 2629 apparet,
1303 2540 1447 2631 ipsum

145 2642 257 2709 hunc
280 2644 421 2709 locum
445 2645 626 2716 viserat.
650 2683 691 2692 -
735 2644 794 2710 ΠΙ
816 2647 846 2727 2,
871 2647 972 2727 2-3,
998 2646 1015 2710 l
1039 2645 1081 2711 Id
1106 2646 1240 2734 aliquot
1264 2647 1305 2712 de
1334 2648 1447 2713 causis

145 2747 336 2829 acciderat,
361 2753 402 2814 ut
425 2749 538 2815 subito
562 2799 570 2814 .
595 2800 601 2814 .
627 2799 634 2814 .
659 2799 665 2814 .
692 2771 828 2837 usque
852 2749 905 2815 his
930 2750 1061 2815 nuntiis
1086 2751 1236 2837 acceptis
1270 2755 1393 2817 certe
1427 2773 1448 2816 a

146 2849 338 2917 Caesare
362 2858 429 2917 est
452 2852 617 2918 dictum
642 2855 841 2939 (excepto
866 2853 902 2918 si
925 2853 993 2918 vis
1022 2853 1192 2938 legionem
1216 2905 1223 2919 .
1249 2905 1255 2920 .
1281 2906 1288 2920 .
1313 2878 1448 2944 usque

143 2961 288 3042 propter
320 2957 565 3043 paucitatem);
613 2978 704 3021 nam
747 2980 829 3023 non
871 2957 989 3024 modo
1030 2958 1109 3023 hae
1145 2980 1306 3024 causae
1341 2958 1446 3025 Cae-

146 3059 239 3124 sari
263 3058 443 3126 Galliac
466 3060 691 3146 regionum
715 3082 851 3146 gnaro
875 3067 1061 3148 apertae
1085 3067 1192 3127 sunt
1224 3060 1288 3145 (cf.
1313 3062 1448 3128 etiam

145 3186 223 3228 cum
247 3163 434 3229 accedebat
471 3188 610 3253 usquc
633 3152 837 3252 persuasum
861 3166 1048 3232 habebant:
1090 3165 1163 3232 VII
1186 3168 1237 3246 77,
1264 3166 1304 3232 10
1333 3172 1369 3232 et
1393 3168 1447 3248 15)

147 3266 378 3332 sedetiam
408 3269 535 3334 certior
558 3268 674 3334 factus
710 3292 851 3356 usque
875 3269 988 3335 teneri
1010 3274 1137 3335 tanto
1162 3292 1290 3357 opere
1313 3292 1447 3336 remo·

147 3377 236 3437 tum
260 3393 354 3437 esse
378 3394 399 3436 a
422 3372 476 3436 his
499 3373 632 3438 nuntiis
656 3373 807 3460 acceptis
840 3373 1017 3438 indicat
1039 3373 1320 3460 interposita
1343 3374 1446 3440 Cae-

147 3477 261 3540 saris
296 3497 392 3541 esse
417 3475 691 3541 sententiam
726 3475 940 3561 (accedit,
966 3476 1078 3564 quod
1109 3474 1213 3544 haee
1237 3501 1319 3562 non
1343 3484 1448 3545 sunt

146 3580 295 3665 legati
319 3578 578 3663 relationis)
606 3583 653 3660 10,
671 3581 706 3664 33
731 3582 782 3662 29,
801 3581 829 3646 1.
851 3618 892 3628 -
916 3581 974 3646 111
990 3581 1168 3670 5,2primi
1190 3582 1255 3669 pili
1279 3582 1447 3678 centurio,

147 3705 247 3771 quem
263 3681 410 3749 Nervico
433 3682 571 3777 proelio
588 3683 821 3770 compluribus
846 3684 1039 3750 confectum
1057 3685 1261 3751 vulneribus
1286 3685 1444 3768 diximus

147 3786 206 3866 (cf.
232 3787 261 3851 b.
285 3809 316 3871 g.
340 3784 379 3850 Π
401 3787 452 3866 25,
479 3787 507 3851 1.
532 3784 568 3851 Ρ.
593 3784 711 3852 Sextio
735 3785 878 3869 Baculo,
902 3787 1091 3854 fortissimo
1116 3788 1201 3869 viro,
1226 3788 1347 3855 multis
1369 3811 1446 3875 gra·

147 3889 317 3977 vibusque
348 3890 551 3956 vulneribus
575 3889 783 3975 confecto)2)
822 3896 858 3957 et
889 3892 973 3957 item
997 3892 1033 3958 C.
1058 3891 1256 3958 Volusenus
1286 3892 1447 3960 tribunus

148 3993 299 4059 militum
323 3997 378 4059 vir
401 3999 438 4059 et
460 3994 582 4060 consili
606 3994 721 4080 magni
745 4001 779 4062 et
803 3995 958 4062 virtutis.
990 3995 1164 4077 -1117,
1190 3997 1289 4077 2-8,
1321 3998 1342 4063 2
1374 3998 1447 4064 eius

150 4096 233 4163 belli
255 4098 339 4164 haec
362 4097 432 4163 fuit
456 4119 569 4163 causa.
609 4096 753 4164 Publius
770 4097 917 4164 Crassus
942 4099 1185 4182 ,adulescens
1212 4123 1287 4166 cum
1313 4100 1447 4186 legione

147 4201 298 4286 septima
313 4201 489 4289 proximus
506 4222 599 4266 mare
617 4200 789 4268 Oceanum
804 4202 839 4267 in
856 4202 1014 4268 Andibus
1038 4203 1208 4268 hiemaret
1231 4226 1308 4291 usq
1321 4227 1370 4269 ue
1394 4203 1447 4270 ad

67 4366 70 4381 ,
149 4299 1448 4395 abhisfit(inlegatirelationcverbum,causa“meaquidem

82 4408 86 4417 '
149 4409 512 4477 sententiahacc
536 4409 630 4475 fere
666 4411 789 4498 sequi
821 4416 1036 4497 oportuit:
1074 4409 1200 4476 Veneti
1236 4410 1361 4477 Silium
1395 4434 1446 4478 re-

155 4587 359 4597 ——ffl

254 4671 273 4739 ¹)
291 4673 320 4723 B.
341 4687 367 4734 g.
385 4670 424 4722 VI
443 4671 484 4733 34,
505 4671 520 4720 3
542 4670 608 4721 haec
627 4671 685 4720 loca
704 4672 894 4722 vicinitatibus
915 4675 992 4723 arant
1011 4679 1083 4723 nota.

254 4759 277 4823 Β)
296 4759 355 4809 Non
373 4758 425 4808 init
443 4770 552 4806 necesse
572 4756 682 4808 Caesari
700 4758 809 4816 milites,
835 4759 959 4822 inprimis
985 4758 1140 4820 nobiliores,
1167 4759 1195 4807 in
1221 4759 1316 4822 quibus
1341 4757 1384 4807 hic
1404 4760 1447 4808 cst

148 4842 336 4905 numerandus,
354 4844 394 4895 ita
412 4843 518 4910 notari;
545 4843 658 4904 accedit,
679 4842 748 4908 quod
767 4845 796 4894 in
814 4844 857 4895 his
875 4845 978 4896 tribuni
995 4844 1119 4896 laudibus
1138 4859 1234 4908 magna
1252 4844 1324 4893 inest
1343 4842 1445 4894 Galbae

148 4933 226 4998 legat
245 4931 434 4996 ivituperatio.
