3180 5474
111 506 124 545 Ι

707 249 916 314 ,12-

168 427 207 487 at
229 421 340 486 multa
364 420 399 486 in
422 420 650 488 relationibus
673 422 759 486 male
784 420 878 486 diota
902 425 993 487 sunt.
1018 420 1078 486 sed
1102 423 1178 510 quis
1202 428 1263 503 est,
1300 425 1359 511 qui
1392 447 1461 490 non

168 526 353 591 absurdum
377 546 451 591 esse
474 530 576 613 putet
599 547 665 606 eos,
702 524 760 612 qui
784 524 966 592 Caesarem
990 524 1077 591 illud
1101 531 1314 592 statuentem
1351 533 1459 609 ,tam-

167 652 267 718 quam
291 629 467 716 scopulum
491 629 539 694 sic
571 629 686 714 fugias
709 627 904 694 inauditum
938 634 1043 716 atque
1074 629 1225 696 insolens
1259 631 1421 696 verbum“
1434 633 1459 713 ¹)

166 739 294 819 negent
317 733 427 798 multa
450 734 555 799 verba
578 732 667 799 male
690 733 798 798 latine
822 733 916 799 dicta
940 733 1088 799 scribere
1111 733 1275 820 potuisse,
1293 734 1458 800 transcri-

165 838 244 903 bere
269 837 404 902 eosdem
426 837 581 924 potuisse
605 842 729 924 putare
754 836 919 902 eundem?
950 835 1086 918 Caesar,
1111 838 1303 904 latinitatis
1338 844 1461 905 auctor

168 945 203 1006 et
225 941 262 1005 in
297 940 541 1027 compositione
566 940 863 1026 diligentissimus,
898 940 1015 1006 varias
1045 941 1232 1008 relationes
1267 942 1460 1030 quindecim

167 1045 238 1110 fere
260 1045 455 1129 legatorum
496 1066 620 1132 easque
655 1045 743 1109 male
782 1044 930 1130 scriptas
967 1044 1003 1109 iu
1040 1045 1166 1111 librum
1200 1045 1458 1125 transcriberet,

168 1170 267 1235 quem
290 1148 402 1235 ipsum
425 1171 461 1213 se
485 1147 662 1235 scripsisse
674 1147 926 1235 profitebatur?
949 1171 1095 1236 namque
1108 1147 1258 1229 Caesari,
1283 1148 1459 1236 quiomni·

167 1274 223 1316 um
247 1252 411 1334 artium‘2)
435 1273 474 1317 ac
498 1251 756 1339 disciplinarum
769 1274 876 1339 paene
892 1251 1064 1318 infinitam
1081 1252 1150 1317 vim
1166 1256 1207 1317 ut
1230 1253 1290 1340 qui
1313 1253 1461 1318 maxime

168 1355 279 1421 animo
305 1355 562 1442 comprehendit
586 1362 621 1421 et
645 1378 891 1444 quamcumque
914 1355 986 1422 fere
1011 1356 1123 1422 voluit
1158 1355 1338 1422 materiem
1370 1356 1462 1422 sicut

168 1460 404 1525 mollissimam
428 1482 540 1525 ceram
564 1459 608 1524 ad
631 1482 729 1524 suum
753 1460 934 1526 arbitrium
969 1464 1004 1526 et
1038 1459 1178 1525 dicendo
1214 1465 1250 1526 et
1282 1460 1460 1527 scribendo

166 1562 293 1648 fingere
306 1568 410 1650 atque
424 1563 571 1629 formare
583 1563 707 1650 potuit,
722 1585 763 1628 ne
779 1563 843 1627 illa
858 1563 994 1650 quidem
1011 1562 1153 1628 difficile
1167 1563 1238 1629 fuit
1250 1563 1460 1648 corrigere).

272 1666 390 1754 Atque
419 1689 530 1732 nonne
567 1688 718 1732 summae
751 1666 833 1732 illae
870 1666 1077 1747 Ciceronis,
1098 1667 1209 1733 Hirtii
1246 1667 1460 1755 aliorumque

166 1770 287 1836 laudes
295 1774 338 1852 4),
386 1793 471 1860 quas
509 1770 671 1836 tribuunt
708 1770 867 1837 Caesaris
898 1771 1167 1852 commentariis,
1213 1771 1269 1838 vel
1311 1770 1458 1837 maxime

169 1874 370 1960 discrepant
389 1897 457 1940 non
480 1875 577 1940 modo
601 1898 677 1940 cum
700 1875 773 1955 hac,
806 1897 907 1962 quam
931 1874 1086 1956 diximus,
1118 1874 1277 1963 opinione
1299 1874 1360 1940 sed
1383 1879 1459 1941 tota

168 1979 271 2044 etiam
292 1977 421 2064 Mengii
444 1984 478 2043 et
498 1977 736 2044 Patersdorffii
760 1978 970 2066 quaestione,
994 1979 1199 2066 praesertim
1224 2001 1299 2045 oum
1323 1978 1459 2045 relatio·

166 2104 245 2162 nes,
293 2105 377 2170 quas
409 2087 553 2163 vocant,
593 2105 636 2148 ex
666 2083 789 2170 quinta
826 2082 975 2148 omnium
1015 2081 1335 2149 commentariorum
1358 2089 1459 2170 parte

166 2185 400 2252 aestimandae
437 2185 517 2252 sint.
561 2185 679 2273 itaque
716 2186 798 2253 haec
840 2186 937 2251 nobis
981 2185 1158 2273 proposita
1204 2184 1355 2251 condicio
1396 2191 1457 2266 est,

168 2295 209 2355 ut
249 2295 311 2355 aut
352 2288 552 2368 Suetonios,
595 2288 792 2369 Cicerones,
846 2288 981 2357 Hirtius
1027 2289 1161 2375 ineptos
1203 2287 1458 2354 existimatores

167 2399 202 2459 et
224 2394 282 2480 qui
305 2392 524 2478 intellegenti
546 2391 671 2458 iudicio
695 2399 846 2471 careant,
879 2397 943 2458 aut
965 2392 1044 2457 illos
1067 2391 1213 2458 maximo
1237 2413 1352 2458 errore
1380 2392 1459 2458 duci

165 2495 371 2581 iudicemus3
406 2496 473 2561 nisi
494 2495 586 2562 forte
610 2496 686 2584 quis
709 2496 816 2562 sumit
839 2496 972 2562 eosdem
995 2495 1170 2561 contraria
1198 2494 1325 2561 dixisse
1354 2500 1459 2583 atque

170 2620 257 2687 quae
280 2600 439 2685 intellegi
461 2600 647 2666 voluerint.

271 2703 331 2768 Sin
355 2709 471 2769 autem
495 2702 625 2768 Caesar
647 2706 688 2768 ut
703 2702 862 2788 Mengius
885 2723 925 2768 ac
941 2701 1210 2768 Petersdorffius
1232 2701 1269 2767 in
1291 2699 1459 2767 movenda

166 2806 229 2872 illa
252 2806 451 2894 quaestione
468 2811 605 2893 putant,
631 2806 704 2892 ipse
728 2808 763 2875 in
786 2806 980 2892 legatorum
1003 2805 1231 2871 relationibus
1255 2804 1458 2870 adhibendis

166 2909 290 2975 minuti
314 2915 417 2997 atque
447 2911 588 2997 angusti
617 2910 723 2976 animi
744 2910 889 2991 fuisset,
921 2933 1032 2976 nonne
1055 2908 1172 2996 aptius
1203 2913 1307 2996 atque
1330 2931 1460 2974 accom-

167 3015 338 3081 modatius
362 3016 406 3081 ad
429 3038 638 3081 communem
656 3021 691 3082 et
707 3015 886 3100 vulgarem
903 3037 1040 3080 sensum
1064 3014 1112 3080 sic
1135 3013 1218 3094 fere,
1240 3016 1281 3077 ut
1304 3017 1459 3078 oratores

168 3119 293 3185 Graeci
314 3120 348 3185 in
374 3119 588 3185 orationibus
611 3119 832 3185 iudicialibus
866 3118 1006 3185 edendis
1040 3117 1249 3197 testimonia,
1285 3115 1459 3182 orationes

166 3223 389 3289 inclusisset?

269 3325 336 3391 Sed
359 3326 394 3391 id
417 3326 598 3392 Caesarem
621 3349 731 3415 neque
755 3328 868 3393 facere
905 3325 1054 3393 voluisse
1088 3347 1196 3412 neque
1220 3323 1343 3390 fecisse
1381 3345 1458 3389 cum

166 3431 285 3496 multis
310 3430 389 3498 aliis
413 3432 454 3497 de
478 3431 591 3497 causis
615 3436 689 3496 tum
713 3432 859 3498 maxime
884 3453 925 3497 ex
948 3452 986 3496 eo
1009 3429 1202 3513 intellegas,
1228 3427 1326 3516 quodv
1342 3446 1457 3493 omnes

158 3533 274 3620 'legati
296 3535 405 3600 tertia
428 3535 469 3601 de
502 3557 538 3601 se
569 3556 716 3620 persona
750 3535 949 3623 loquuntur.
986 3540 1025 3599 at
1058 3540 1175 3599 tamen
1212 3533 1306 3598 inter
1340 3551 1456 3595 omnes

165 3645 303 3704 constat
333 3639 573 3718 Romanorum,
611 3662 753 3729 quorum
790 3639 926 3728 quidem
963 3638 1044 3704 libri
1085 3640 1235 3717 exstant,
1274 3633 1457 3700 Caesarem

165 3743 312 3829 primum
335 3744 443 3809 tertia
465 3765 611 3830 persona
634 3743 674 3809 de
698 3766 734 3810 se
757 3743 895 3820 dixisse,
933 3746 982 3822 ut,
1021 3764 1096 3806 cum
1136 3762 1171 3806 se
1205 3738 1317 3824 ipsum
1356 3736 1460 3823 quasi

270 3970 292 4036 l)
312 3971 413 4020 Gellius
433 3972 447 4021 I
469 3972 506 4031 10,
527 3972 551 4021 4.

268 4055 292 4121 2)
313 4056 350 4106 cf.
371 4057 432 4108 Tac.
452 4055 513 4107 dial.
533 4057 584 4118 21;
604 4055 676 4106 Suet.
697 4055 742 4118 56,
771 4054 887 4105 Macrob.
908 4054 922 4103 I
942 4054 983 4119 16,
1001 4056 1050 4116 393
1078 4054 1131 4105 Cic.
1151 4054 1224 4104 Fam.
1244 4055 1284 4104 IX
1304 4053 1342 4104 16.
1360 4051 1385 4102 4.
1405 4053 1457 4100 etc.

269 4141 288 4198 ³]
308 4143 359 4193 Cic.
378 4144 453 4193 Brut.
472 4144 522 4193 253
542 4143 586 4207 qui
605 4142 687 4192 etiam
705 4142 733 4191 in
752 4141 875 4191 maximis
894 4141 1115 4205 occupationibus
1134 4139 1168 4191 ad
1186 4144 1214 4191 te
1227 4179 1255 4193 ..
1275 4179 1280 4190 .
1301 4138 1333 4189 de
1352 4137 1459 4189 ratione

166 4232 249 4281 latine
268 4230 393 4295 loquendi
412 4230 613 4282 accuratissime
634 4231 783 4293 scripserit.
804 4255 836 4264 -
856 4227 895 4278 cf.
913 4229 1013 4278 Fronto
1033 4242 1060 4289 p.
1080 4227 1137 4278 111.

267 4321 291 4384 4)
311 4319 381 4369 Hirt.
401 4333 509 4382 prooem
532 4319 555 4368 6.
575 4317 660 4368 ceteri
679 4317 748 4366 enim
768 4315 926 4380 quambene
945 4316 1024 4378 atquc
1045 4313 1192 4374 emendate,
1210 4326 1260 4362 nos
1280 4312 1362 4362 etiam
1382 4326 1459 4375 quam

166 4405 245 4455 facile
264 4410 342 4470 atque
361 4406 487 4456 celeriter
505 4420 551 4456 cos
570 4403 723 4469 perfecerit,
743 4403 848 4454 scimus.
860 4430 893 4438 -
911 4400 949 4452 cf.
969 4416 994 4464 p.
1014 4401 1029 4449 7
1048 4400 1110 4451 adn.
1128 4401 1144 4450 2
1164 4402 1191 4450 et
1209 4399 1278 4450 3.-
1298 4396 1458 4455 Mommsen,

165 4492 239 4542 Rom.
252 4493 346 4543 Gesch.
366 4494 389 4554 7,
409 4493 452 4542 ΙΙΙ
471 4493 535 4542 616:
555 4493 621 4557 ,Die
640 4490 759 4557 Spracbe
778 4529 783 4541 .
804 4529 809 4540 .
829 4529 836 4542 .
854 4490 892 4539 ist
910 4487 957 4538 der
977 4488 1068 4553 Typus
1087 4487 1134 4538 der
1151 4483 1459 4537 modernenUrbsnittt.
