3180 5474
681 689 891 755 ..13-

137 864 349 944 obscuraret,
374 883 475 950 quam
498 862 645 929 maxime
669 861 713 927 ad
736 861 921 927 veritatem
944 863 1197 929 accommodate
1221 885 1276 929 res
1299 864 1430 930 referre

137 966 323 1033 videretur.
350 967 437 1055 quod
460 968 522 1033 hoc
548 988 645 1032 nemo
668 971 775 1051 negat
797 965 956 1032 futurum
980 966 1097 1048 fuisse,
1123 973 1163 1034 ut
1177 967 1287 1052 magis
1308 967 1432 1035 fecisse

137 1070 316 1136 videretur
345 1070 550 1156 legentibus,
589 1069 619 1135 si
655 1067 773 1154 legati,
811 1069 846 1134 id
884 1069 974 1158 quod
1003 1071 1038 1135 in
1075 1071 1303 1137 relationibus
1341 1078 1432 1138 certe

138 1174 307 1254 fecerunt,
331 1196 412 1240 suas
423 1197 479 1240 res
490 1173 601 1260 prima
623 1194 771 1260 persona
794 1180 989 1241 narrarent.
1014 1174 1074 1240 sed
1097 1175 1173 1264 quis
1197 1181 1251 1243 est
1273 1175 1331 1264 qui
1346 1176 1430 1241 haec

137 1277 235 1344 modo
259 1278 295 1344 in
318 1278 510 1362 legatorum
533 1276 761 1342 relationibus
774 1275 956 1343 Caesarem
971 1282 1125 1344 mutasse
1144 1283 1301 1345 statuere
1324 1279 1431 1346 velit?

136 1380 200 1447 hoc
225 1380 314 1446 enim
339 1403 414 1446 cum
452 1385 544 1447 esset
566 1380 698 1467 puerile
723 1385 759 1446 et
782 1380 959 1446 cuiusdam
997 1380 1148 1448 infelicis
1186 1403 1318 1470 operae,
1358 1389 1431 1450 tum

139 1485 243 1551 etiam
267 1484 354 1550 utile
377 1505 508 1571 perum.

243 1605 398 1687 Accedit,
431 1606 520 1694 quod
550 1611 703 1687 veterae,
734 1606 793 1694 qui
823 1588 958 1694 quirlem
981 1606 1140 1674 Caesaris
1172 1613 1272 1674 erant
1303 1613 1432 1696 tempo·

137 1709 252 1789 ribus,
286 1710 369 1776 adeo
399 1710 632 1776 abhorrebant
655 1710 697 1775 ab
720 1710 782 1777 illo
814 1710 1013 1777 centonario
1044 1711 1306 1799 compilatorum
1331 1735 1431 1794 more,

139 1833 204 1899 quo
237 1813 451 1899 posteriores
489 1812 617 1879 librum
653 1813 750 1879 aliud
788 1836 829 1880 ex
867 1814 935 1880 alio
977 1814 1105 1901 scripto
1142 1814 1347 1900 colligentes
1397 1822 1433 1882 et

143 1921 321 2004 carpentes
343 1918 379 1983 in
403 1940 508 1983 unum
531 1917 630 2005 quasi
652 1940 737 2004 opus
765 1925 976 1984 consuerunt
1005 1940 1045 1985 ac
1076 1920 1362 2007 conscripserunt,
1391 1925 1432 1986 ut

140 2021 175 2086 in
197 2043 321 2106 genere
345 2020 516 2086 scribendi
539 2020 616 2087 fuso
640 2043 680 2087 ac
704 2026 818 2087 tracto
842 2022 1093 2107 gloriarentur..
1110 2023 1230 2111 itaque
1252 2023 1343 2110 quod
1368 2024 1431 2089 hoe

140 2125 263 2190 vitium
287 2147 354 2191 000
377 2129 621 2210 cognoverunt,
653 2146 695 2189 ne
718 2147 840 2191 nomen
864 2126 1000 2212 quidem
1030 2127 1061 2192 ei
1092 2126 1339 2214 imposuerunt.
1372 2126 1433 2192 sed

139 2229 182 2310 id,
208 2228 297 2316 quod
320 2228 564 2316 aequalesnon
584 2228 751 2309 fecerunt,
769 2228 937 2295 hominem
950 2229 1221 2297 eruditissimum
1243 2235 1279 2296 et
1294 2231 1432 2316 ingenio

141 2318 391 2421 prudentiaqbe
415 2331 654 2397 acutissimum
685 2335 721 2397 et
744 2331 900 2398 oratione
922 2333 1068 2399 maxime
1089 2333 1249 2400 limatum
1280 2356 1320 2400 ac
1354 2335 1430 2400 sub·

138 2438 236 2504 tilem
259 2435 383 2502 fecisse
406 2436 591 2523 putemus?

242 2559 359 2646 Atque
394 2558 581 2624 relationes
611 2558 806 2643 legatorum
831 2558 914 2624 adeo
938 2581 1005 2624 000
1029 2559 1174 2645 speciem
1199 2559 1431 2644 egressionem

138 2663 367 2730 rotundarum
398 2663 580 2750 praebent,
619 2683 706 2749 quae
743 2661 842 2748 quasi
878 2661 1005 2727 leviter
1042 2662 1284 2747 agglutinatae
1309 2664 1433 2729 ceteris

139 2773 240 2848 sunt,
278 2771 319 2832 ut
349 2768 384 2831 in
415 2765 572 2832 omnibus
607 2765 755 2831 omnium
787 2766 1108 2831 commentariorum
1149 2766 1323 2852 partibuS‚
1360 2767 1432 2833 sive

138 2894 193 2938 res
218 2893 238 2935 a
262 2871 411 2937 Caesare
435 2870 507 2936 sive
531 2891 552 2935 a
574 2869 701 2954 legatis
731 2874 852 2961 gestae
879 2868 1088 2950 referuntur,
1114 2892 1183 2935 una
1206 2870 1305 2958 quasi
1328 2871 1435 2936 series

140 2997 179 3041 ac
210 2974 425 3040 continuatio
457 2973 505 3039 sit
535 2994 659 3053 rerum,
695 2973 747 3039 ita
781 2979 822 3038 ut
853 2973 923 3038 alia
954 2995 995 3038 ex
1027 2973 1097 3038 alia
1132 2995 1220 3039 nexa
1252 2979 1288 3039 et
1318 2997 1433 3041 omnes

139 3080 231 3145 inter
270 3101 306 3144 se
345 3084 448 3166 aptae
493 3076 744 3162 colligataeque
781 3075 970 3142 videantur
980 3077 1014 3161 1).
1068 3078 1195 3144 etenim
1242 3078 1432 3144 relationes

139 3207 206 3249 000
238 3184 380 3248 confuse
411 3186 446 3248 et
474 3181 671 3270 permixtim
710 3181 886 3268 dispersae
926 3181 986 3247 sed
1017 3183 1234 3248 narrationes
1268 3204 1382 3248 rerum
1414 3205 1435 3247 a

140 3286 288 3354 Caesare
320 3292 497 3372 gestarum
523 3286 603 3352 'illis
632 3287 739 3353 electe
770 3285 929 3353 variatae
967 3292 1003 3353 et
1034 3285 1220 3352 distinctae
1254 3292 1344 3363 sunt,
1393 3291 1433 3352 ut

139 3413 385 3479 nonnunquam
415 3391 476 3456 vix
504 3390 693 3457 diiudicare
720 3391 905 3478 possimus,
940 3390 1022 3478 quid
1046 3413 1067 3455 a
1096 3390 1253 3471 Caesare,
1299 3391 1382 3476 quid
1413 3413 1434 3457 a

139 3495 266 3580 legatis
290 3501 354 3560 aut
376 3498 512 3580 gestum
528 3499 592 3559 aut
615 3494 745 3561 dictum
763 3496 818 3560 sit.
843 3499 878 3560 et
895 3494 1104 3581 quodetiam
1121 3494 1314 3561 mirabilius
1331 3495 1433 3561 debet

139 3600 259 3674 videri,
282 3622 337 3665 res
360 3604 480 3683 gestae
505 3598 728 3686 complurium
752 3600 947 3684 legatorum
970 3597 1026 3664 vel
1049 3598 1129 3664 aliis
1146 3598 1359 3686 temporibus
1376 3597 1432 3663 vel

139 3702 220 3769 aliis
242 3703 327 3768 locis
351 3706 595 3789 occupatorum
618 3702 718 3790 quasi
741 3702 941 3789 implicatae
964 3700 1057 3767 inter
1072 3723 1108 3767 se
1124 3702 1434 3788 convenienterque

138 3806 330 3896 permixtae
358 3806 560 3877 referuntur
569 3807 605 3887 2).
645 3806 707 3871 hoc
725 3807 835 3872 solum
858 3805 910 3872 ita
934 3804 1025 3872 effici
1052 3808 1178 3893 potuit,
1202 3812 1244 3872 ut
1266 3828 1366 3888 unus,
1401 3805 1430 3870 is

139 3918 196 3978 cst
217 3911 356 3989 Caesar,
382 3912 494 3975 omnia
518 3910 590 3974 suis
613 3909 728 3975 verbis
753 3909 969 3997 exprimeret.

243 4033 432 4098 Praeterea
471 4031 546 4097 veri
587 4030 699 4096 simile
749 4031 938 4119 multisque
984 4030 1303 4097 commentariorum
1345 4028 1431 4095 locis

140 4137 362 4224 conspicuum
389 4140 443 4201 est
465 4133 647 4201 Caesarem
670 4134 706 4200 in
730 4134 961 4201 describendis
983 4135 1178 4220 legatorum
1201 4133 1303 4198 rebus
1326 4133 1436 4217 gestis

140 4264 209 4307 000
239 4240 349 4306 solum
384 4240 578 4325 legatorum
608 4237 666 4303 sed
700 4237 803 4303 etiam
835 4238 1052 4325 captivorum
1086 4235 1299 4323 aliorumque
1328 4235 1434 4300 homi·

245 4502 265 4568 1)
284 4504 313 4552 B.
334 4518 358 4564 g.
378 4502 422 4551 III
442 4501 792 4565 7,1;19‚5ss.;2o‚1;
814 4502 836 4551 V
855 4501 902 4562 243
925 4495 1434 4563 45-47;49,2-3;53,1ss.;55,

140 4591 182 4651 58,
204 4591 231 4652 7;
251 4589 289 4640 VI
306 4590 347 4649 41,
368 4590 383 4638 3
404 4591 454 4640 etc.
1323 4610 1328 4617 ·

245 4675 269 4743 2]
287 4676 317 4729 B.
337 4692 361 4739 g.
381 4676 404 4726 V
423 4677 456 4725 26
475 4691 525 4738 ss.;
544 4675 597 4726 VII
617 4675 640 4736 5,
659 4674 688 4735 63
708 4674 733 4723 b.
753 4688 774 4724 c.
794 4675 823 4725 II
842 4676 858 4724 2
877 4676 904 4724 et
923 4674 950 4735 33
971 4673 1000 4722 II
1020 4674 1044 4739 V,
1064 4673 1080 4723 8
1100 4674 1151 4721 ete.
1172 4699 1205 4707 —
1235 4671 1291 4720 Iam
1311 4668 1435 4721 Eussner

141 4768 171 4815 et
189 4762 282 4815 Horta
302 4763 486 4828 probaverunt
506 4761 638 4828 Mcnptum
656 4775 753 4820 errare,
786 4775 843 4811 cum
861 4759 925 4810 XVI
944 4760 1031 4824 prima
1057 4758 1149 4823 capita
1176 4758 1288 4808 alterius
1317 4755 1348 4805 de
1368 4756 1393 4807 b.
1413 4771 1434 4808 c.

142 4852 359 4904 commentarfia
378 4850 511 4900 Trebonio
530 4850 592 4900 illas
609 4863 653 4899 res
671 4848 812 4912 perfuncto
832 4847 954 4897 confecta
972 4860 1031 4896 esse
1050 4847 1167 4910 putaret,
1194 4844 1257 4908 qnia
1278 4858 1336 4908 epp.
1356 4843 1435 4892 III--

142 4937 214 4989 VIII
232 4951 277 4988 res
295 4951 311 4987 a
328 4938 411 4988 Bruto
429 4936 520 4999 legato
540 4937 633 4998 gestae
650 4935 824 4985 referrentur.
893 4967 901 4987 .
