3180 5474
686 250 902 315 ,30-

144 420 262 506 ptione
286 419 314 486 αἱ
338 425 366 486 λ.
390 459 431 469 -
456 421 506 501 32,
531 421 551 484 5
584 420 812 507 prolationem
836 420 904 487 diei
935 422 1154 489 donationem
1177 446 1251 491 esse
1282 414 1312 491 oi.
1337 429 1365 491 λ.
1405 462 1445 474 -

146 543 206 588 aes
229 523 380 589 alienum
404 524 676 611 multiplicatum
700 528 773 591 est:
805 525 874 591 alio
898 525 971 592 loco
995 549 1163 615 nusquam
1184 528 1373 596 invenitur.
1399 567 1448 575 —

147 627 242 707 326
278 629 428 715 vectigal
462 634 683 716 promutuum
716 629 902 717 imperare:
947 631 1130 698 frustra
1159 633 1363 721 requires
1392 632 1445 699 in

144 729 281 796 libris
305 731 525 798 Caesaris,

247 852 317 917 Illa
348 876 448 940 porro
483 853 756 939 argumentatio,
793 875 879 942 quae
912 855 994 920 nixa
1016 856 1060 922 iis
1083 858 1198 922 verbis
1238 863 1309 938 est,
1350 880 1443 945 quae

145 950 227 1028 ἅπαξ
250 954 393 1040 εἰρημένα
404 959 428 1042 1)
452 956 577 1023 Graeci
600 962 743 1037 vocant,
782 956 943 1044 ipseper
966 980 1003 1024 se
1026 981 1127 1047 quam
1151 959 1198 1025 sit
1220 960 1311 1026 falsa
1334 967 1445 1049 atque

144 1056 275 1139 inanis,
310 1081 352 1124 ex
384 1083 422 1125 eo
454 1059 537 1125 licet
575 1060 743 1140 conicere,
787 1060 877 1146 quod
911 1060 947 1157 in
986 1063 1238 1129 commentariis
1271 1063 1314 1129 de
1349 1066 1382 1131 b.
1410 1089 1445 1152 g.

145 1167 301 1228 sescenta
325 1163 551 1250 septuaginta
574 1169 714 1250 septem,
738 1163 773 1229 in
798 1165 1050 1231 commentariis
1074 1166 1116 1232 de
1139 1168 1169 1233 b.
1196 1191 1221 1233 c.
1246 1168 1445 1255 quingenta

145 1267 249 1331 verba
280 1267 385 1332 semel
419 1265 656 1333 inveniuntur.
695 1267 731 1332 in
768 1269 1021 1335 commentariis
1056 1270 1097 1335 de
1129 1272 1159 1335 b.
1191 1294 1223 1357 g.
1259 1273 1445 1357 octoginta

101 1426 107 1439 ,
143 1374 276 1455 septem
300 1365 382 1442 ἅπαξ
404 1362 553 1453 λεγόμενα
576 1377 667 1450 sunt,
700 1391 787 1457 quae
809 1376 872 1436 aut
903 1372 1006 1439 semel
1035 1378 1098 1439 aut
1127 1374 1265 1461 saepius
1289 1374 1326 1440 in
1350 1399 1444 1444 oom-

143 1471 323 1538 mentariis
355 1473 395 1539 de
427 1474 459 1540 b.
495 1496 521 1538 c.
557 1473 811 1560 repperiuntur,
849 1481 884 1541 et
918 1474 954 1541 in
989 1478 1243 1543 commentariis
1278 1477 1319 1544 de
1355 1480 1388 1545 b.
1414 1503 1442 1547 c.

120 1574 337 1660 nonaginta
368 1574 595 1657 inveniebam,
632 1598 719 1665 quae
758 1578 794 1642 in
827 1580 1080 1646 commentariis
1115 1581 1156 1647 de
1182 1581 1268 1666 bg.
1304 1604 1446 1671 quoque

147 1685 317 1766 usurpata
341 1685 431 1745 sunt.
457 1702 563 1766 quare
597 1681 627 1746 si
650 1702 816 1746 summam
844 1688 1041 1768 spectamus
1072 1685 1107 1751 in
1139 1691 1285 1773 utroque
1309 1686 1443 1767 libello,

144 1781 371 1848 inveniuntur
400 1783 473 1848 fere
503 1785 613 1867 mille;
658 1808 700 1850 ex
731 1784 774 1850 iis
812 1784 848 1850 in
880 1786 1073 1871 legatorum
1093 1789 1334 1871 ‚relationibus
1358 1798 1446 1858 sunt

145 1893 282 1952 centum
306 1885 433 1970 viginti
456 1893 597 1973 septem.
622 1910 733 1953 nonne
757 1893 877 1953 contra
901 1893 1001 1969 esset,
1040 1891 1128 1977 quod
1160 1892 1374 1975 miraremur,
1413 1893 1445 1962 si

144 1987 180 2052 in
204 1987 395 2074 legatorum
411 1989 637 2056 relationibus
653 2013 795 2077 prorsus
811 1992 910 2056 nulla
933 2000 996 2059 aut
1011 1995 1175 2081 pauciora
1194 1991 1275 2068 ἅπαξ
1292 1992 1445 2081 λεγόμενα

144 2089 356 2172 haberemus,
379 2093 588 2180 praesertim
622 2117 697 2159 oum
726 2094 806 2175 hae,
846 2101 887 2160 ut
913 2119 1019 2182 supra
1045 2097 1209 2179 diximus,
1245 2120 1287 2164 ex
1317 2100 1443 2188 quinta

145 2193 326 2283 utriusque
349 2196 461 2262 libelli
482 2203 584 2284 parte
608 2198 842 2263 aestimandae
867 2199 961 2264 sint?

247 2317 312 2382 Sed
328 2319 508 2385 verborum
525 2341 658 2408 quoque
674 2319 971 2401 conformationes,
990 2342 1075 2408 quas
1091 2322 1284 2407 singulares
1310 2327 1440 2410 putant

144 2442 227 2500 esse,
251 2443 312 2507 pro
336 2428 414 2487 rata
438 2423 572 2511 quidem
596 2431 697 2511 parte
731 2428 824 2489 certe
854 2423 999 2490 totidem
1030 2434 1113 2491 sunt
1142 2425 1178 2491 in
1210 2426 1442 2494 relationibus

151 2545 251 2610 quam
274 2524 310 2590 in
334 2525 459 2591 ceteris
483 2527 746 2592 commentariis.

248 2644 474 2713 Econtrario
498 2655 612 2714 autem
644 2648 680 2713 id
709 2649 777 2713 iam
808 2647 1003 2732 legentibus
1037 2651 1246 2735 probaturus
1284 2674 1369 2732 sum,
1410 2652 1443 2719 si

146 2754 261 2813 cetera
284 2753 490 2836 spectamus
529 2751 620 2816 omni
644 2773 686 2815 ex
708 2757 808 2837 parte
830 2750 920 2817 idem
948 2753 1137 2818 relationes
1170 2753 1305 2821 dicendi
1327 2778 1441 2840 genus

148 2850 356 2940 eandemque
380 2854 602 2940 componendi
625 2854 793 2920 rationem
817 2854 951 2936 habere,
977 2856 1123 2944 quaein
1154 2858 1277 2923 ceteris
1301 2881 1443 2949 quoque

148 2958 467 3024 commentariorum
491 2960 650 3046 partibus
674 2968 737 3026 est.

182 3140 186 3145 .
246 3076 335 3143 Nam
373 3084 413 3144 ut
449 3080 607 3145 omittam
642 3103 903 3147 commemorare
926 3082 1117 3165 Caesarem,
1162 3085 1437 3173 quotiescunque

144 3203 283 3247 suarum
305 3204 420 3248 rerum
448 3188 626 3269 gestarum
659 3185 890 3251 narrationem
912 3186 990 3252 finit
1013 3208 1134 3275 resque
1167 3187 1361 3272 legatorum
1384 3212 1441 3258 ra-

145 3284 237 3350 ferre
261 3285 394 3373 incipit,
418 3286 524 3352 toties
547 3287 621 3353 fere
643 3287 733 3353 idem
767 3289 918 3355 retinere
951 3298 1097 3377 tempus,
1133 3290 1221 3378 quod
1256 3290 1353 3356 modo
1377 3293 1440 3359 ad-

142 3387 312 3471 hibuerat,
336 3390 410 3455 sive
433 3391 610 3477 praesenti
641 3391 714 3457 sive
741 3391 896 3478 perfecto
931 3393 1095 3458 historico
1120 3416 1202 3459 usus
1227 3399 1312 3476 erat,
1349 3395 1440 3462 eius-

143 3492 234 3558 modi
257 3494 362 3559 verba
385 3495 632 3581 verborumque
657 3495 944 3561 conformationes
978 3506 1013 3562 et
1035 3497 1176 3581 figurae,
1212 3521 1297 3586 quae
1322 3521 1442 3569 amore

142 3596 288 3684 quodam
313 3603 348 3663 et
371 3597 487 3663 studio
503 3598 631 3665 Caesar
653 3605 808 3685 usurpat,
833 3621 895 3686 pro
921 3600 1153 3685 magnitudine
1176 3601 1314 3688 quidem
1330 3602 1440 3669 toties

143 3700 178 3764 in
202 3699 430 3767 relationibus
448 3701 613 3789 cuiusque
635 3701 754 3788 legati,
773 3701 907 3790 quoties
923 3701 959 3767 in
976 3703 1100 3769 ceteris
1117 3705 1440 3772 commentariorum

143 3804 302 3889 partibus
333 3805 508 3890 leguntur.

245 3922 361 3990 Verba
384 3925 560 4011 quaedam,
585 3947 671 4013 quae
695 3947 798 4013 saepe
822 3927 915 3993 etin
938 3928 1166 3994 relationibus
1190 3939 1224 3994 et
1247 3929 1284 3994 in
1307 3931 1438 3998 ceteris

73 4052 77 4061 ¹
144 4028 463 4094 commentariorum
485 4028 643 4116 partibus
667 4029 891 4096 adhibentur:

244 4306 266 4370 1)
286 4304 463 4355 vocabulario
482 4303 605 4358 ildeberti
621 4298 688 4365 ἅπαξ
705 4297 822 4376 λιγὸμενα
841 4325 893 4360 non
916 4310 983 4359 satis
1004 4314 1129 4362 accurate
1148 4314 1243 4362 notata
1262 4316 1332 4374 sunt,
1362 4312 1433 4378 quod

144 4390 181 4440 iis
200 4392 300 4453 verbis,
319 4393 432 4455 quaein
451 4393 574 4458 genuinis
586 4394 708 4446 Caesaris
724 4397 836 4461 scriptis
855 4396 938 4447 semel
951 4396 997 4447 sed
1016 4398 1044 4448 in
1058 4397 1210 4448 subditioiis
1229 4399 1326 4449 iterum
1344 4400 1436 4463 legun·

144 4479 198 4541 tur,
216 4477 362 4529 asteriscus
380 4475 419 4546 [Ἴ
434 4493 488 4529 non
506 4478 613 4530 additus
633 4483 683 4532 est.
