3180 5474
584 674 837 755 '421-

190 860 280 927 Nam
304 861 386 949 quid
409 861 519 941 dicam
537 862 578 928 de
593 863 768 929 brevitate
779 864 803 944 ¹)
827 852 1006 943 scribendi,
1032 885 1099 950 qua
1118 884 1174 929 res
1190 869 1375 945 coartatae,

83 988 174 1055 quae
198 965 334 1053 quidem
358 971 485 1032 natura
509 970 562 1031 est
585 965 905 1032 commentariorum
914 967 951 1048 2),
981 988 1049 1041 nou
1072 966 1169 1032 modo
1192 966 1228 1031 in
1251 967 1376 1033 oratio·

85 1069 187 1136 nibus
229 1069 522 1157 relationibusque
555 1070 769 1156 legatorum,
812 1068 872 1136 sed
906 1069 1011 1135 etiam
1048 1069 1085 1135 in
1126 1070 1249 1135 ceteris
1291 1094 1376 1136 oom-

85 1172 333 1239 mentariorum
366 1173 524 1261 partibus
548 1173 652 1240 sunt?
683 1196 722 1240 ao
756 1173 785 1238 si
817 1173 1012 1259 legatorum
1045 1172 1232 1239 relationes
1264 1197 1374 1262 neque
1416 1192 1421 1199 '
1465 1242 1468 1249 ,
1569 1172 1578 1227 ἵ

83 1276 225 1343 brevius
257 1298 366 1364 neque
402 1277 527 1343 latius¹
552 1278 758 1365 explanatae
790 1283 891 1358 sunt,
939 1291 1042 1366 quam
1075 1301 1130 1344 res
1173 1300 1194 1344 a
1227 1276 1377 1344 Caesare

82 1384 214 1466 gestae,
237 1401 334 1445 nemo
359 1385 420 1461 est,
456 1380 516 1469 qui
539 1403 673 1447 sumere
696 1381 784 1446 velit
816 1381 953 1466 legatos
989 1403 1103 1447 omnes
1127 1381 1254 1448 eisdem
1278 1382 1377 1470 quasi

79 1482 241 1550 terminis
264 1484 452 1550 relationes
481 1484 797 1579 qiroumsoripsisse,
834 1485 958 1572 quibus
989 1483 1118 1551 Caesar
1139 1508 1266 1552 usurus
1300 1490 1378 1552 erat

81 1587 122 1652 in
145 1586 217 1653 suis
238 1587 340 1653 rebus
362 1587 470 1672 gestis
494 1587 736 1659 describendis.

191 1706 257 1773 Sed
279 1730 346 1773 non
370 1707 467 1775 modo
491 1709 751 1775 commentarios
768 1708 947 1774 subtiliter
969 1709 1125 1794 legentes
1148 1732 1184 1774 ru
1208 1730 1281 1774 eam
1305 1710 1374 1796 opi-

85 1809 219 1877 nionem
258 1810 476 1890 adducimur,
515 1816 555 1878 ut
583 1817 746 1900 putemus
780 1812 852 1877 suis
889 1811 1005 1877 verbis
1044 1810 1158 1876 omnia
1192 1811 1375 1878 Caesarem

84 1913 272 1993 rettulisse,
296 1914 355 1981 sed
378 1916 451 2003 ipse
475 1915 604 1983 Caesar
627 1916 815 1983 confirmat.
841 1938 885 1981 an
909 1915 985 2003 quis
1003 1921 1065 1995 est,
1083 1915 1167 2003 quin
1191 1916 1375 2003 intellegat

80 2015 273 2087 Caesarem.
299 2041 375 2085 cum
409 2020 522 2086 verbis
544 2026 678 2101 utatur,
709 2020 827 2108 qualia
861 2030 953 2099 sunt,
990 2023 1051 2101 ,ut
1074 2017 1282 2100 docuimus“,
1315 2025 1375 2102 ,ut
1434 2058 1436 2061 ·

77 2142 187 2208 supra
210 2121 541 2191 demonstravimus“
565 2130 640 2207 etc,
666 2125 789 2212 quibus
812 2124 969 2209 legentes
993 2124 1164 2188 monuerit
1186 2123 1259 2205 illa,
1285 2146 1374 2211 quae

46 2296 49 2301 ,
75 2223 116 2289 in
138 2224 368 2292 relationibus
391 2226 513 2295 insunt
536 2229 740 2314 legatorum,
767 2228 848 2293 illas
871 2226 1090 2292 narrationes
1111 2226 1164 2293 ita
1195 2250 1374 2314 usurpare,

77 2332 123 2393 ut
144 2328 218 2415 ipse
240 2329 363 2396 fecisse
385 2331 572 2399 videatur?
595 2332 756 2399 similiter
779 2331 809 2397 si
832 2330 970 2417 saepius
994 2330 1030 2394 in
1061 2331 1255 2416 legatorum
1288 2333 1374 2398 rela-

78 2430 234 2498 tionibus
257 2432 380 2499 iisdem
403 2435 517 2501 verbis
541 2458 596 2501 res
621 2457 641 2500 a
664 2434 811 2501 Caesare
845 2439 963 2519 gestae
988 2456 1159 2521 supraque
1182 2433 1375 2522 descriptae

77 2535 116 2601 in
136 2536 334 2603 memoriam
356 2537 564 2624 rediguntur
573 2541 611 2620 3),
636 2538 711 2627 quis
735 2544 798 2620 est,
830 2539 889 2626 qui
912 2538 1057 2618 dubitet,
1092 2538 1175 2626 quin
1206 2543 1373 2627 utrasque

73 2661 134 2706 res
156 2644 275 2725 gestas
298 2641 522 2729 descripserit
545 2642 658 2709 idem?

182 2760 384 2828 Relationes
407 2786 488 2829 voro
512 2763 707 2848 legatorum
729 2764 765 2827 in
789 2761 1042 2828 commentariis
1066 2760 1107 2828 de
1131 2763 1208 2847 bg.
1232 2763 1372 2829 sicom·
1400 2786 1403 2793 ·

76 2884 202 2951 parare
225 2865 375 2931 velimus
398 2889 474 2931 curn
498 2866 726 2933 relationibus
748 2866 785 2931 iu
808 2864 1062 2931 commentariis
1095 2864 1189 2930 deb.
1215 2887 1253 2937 (ι,
1291 2867 1372 2932 illas

76 2972 120 3035 ut
141 2968 292 3055 reliquas
309 2991 425 3035 eorum
439 2975 557 3056 partes
573 2970 770 3037 accuratius
787 2992 826 3035 ao
849 2968 1052 3034 meditatius
1076 2969 1292 3055 compositas,
1316 2972 1370 3037 his

74 3213 105 3260 et
123 3210 204 3261 Cotta
221 3186 315 3274 gestae
334 3213 495 3276 referuntur,
528 3213 618 3265 eadem
643 3215 713 3265 vitia
730 3182 810 3279 atque
836 3215 866 3264 in
891 3212 990 3262 ceteris
1017 3212 1167 3275 legatorum
1195 3214 1370 3266 relationibus
1442 3234 1445 3239 ·

75 3298 190 3359 invenit,
209 3303 269 3362 ipse
290 3299 464 3360 demonstrat,
485 3301 576 3366 opinio
595 3316 644 3352 sua
662 3316 739 3365 quam
760 3301 796 3351 sit
814 3301 902 3350 futilis
920 3313 951 3349 ao
971 3300 1164 3350 commenticia.

181 3403 203 3470 1)
233 3404 272 3456 cf.
299 3419 360 3469 pag.
386 3405 401 3453 7
429 3404 519 3455 adnot.
545 3407 568 3455 2.
602 3433 636 3443 —
671 3404 878 3455 Animadvertas
906 3421 1009 3470 qnoque
1034 3405 1116 3455 velim
1143 3407 1278 3469 singulare
1302 3406 1369 3458 illud

75 3488 194 3541 studium
211 3490 393 3542 ablativorum
408 3492 599 3555 absolutorum,
618 3492 688 3557 quod
706 3493 804 3559 ubique
822 3493 850 3542 in
870 3493 1069 3544 commentariis
1088 3497 1209 3557 apparet.

179 3594 200 3661 2)
218 3594 290 3647 Suet.
310 3596 369 3647 Tib.
389 3596 420 3646 61
447 3596 514 3648 dicit
538 3598 743 3647 commentarios
772 3597 890 3648 scribere
914 3597 985 3648 idem
1011 3612 1070 3647 esse
1089 3612 1120 3648 ao
1140 3597 1276 3662 „breviter
1296 3611 1360 3646 sum
1462 3594 1470 3613 ¹

72 3682 237 3748 metimque“
256 3684 289 3734 de
308 3685 445 3750 aliquare
464 3684 590 3735 seribere.

181 3786 201 3852 ³)
219 3788 249 3838 B.
269 3803 294 3851 g.
311 3788 350 3839 VI
368 3791 392 3850 2,
413 3790 426 3838 1
445 3791 476 3838 ut
495 3787 630 3838 docuimus
656 3786 702 3853 (of.
722 3786 746 3837 V
764 3787 805 3852 58,
825 3785 870 3854 2),
902 3787 927 3837 b.
948 3802 969 3837 o.
989 3786 1033 3838 Ill
1050 3787 1092 3848 56,
1113 3787 1128 3836 1
1147 3789 1177 3837 ut
1196 3786 1361 3837 demonstra·

70 3872 161 3923 fimus
189 3872 279 3939 (cib.
300 3888 321 3927 e.
341 3873 513 3941 illaesa).
543 3902 577 3912 -
613 3874 651 3925 cf.
671 3875 696 3925 b.
717 3890 742 3937 g.
761 3872 790 3923 II
809 3874 849 3935 25,
871 3874 885 3922 1
906 3889 962 3923 curn
981 3874 1007 3924 b.
1027 3890 1051 3936 g.
1070 3871 1112 3924 ΠΙ
1132 3873 1155 3939 5,
1174 3874 1198 3922 2.
1217 3901 1251 3911 -
1289 3874 1319 3925 Β.
1344 3891 1368 3938 g.

70 3960 118 4010 111
137 3960 161 4026 5,
180 3958 196 4008 2
215 3958 325 4026 (Galba)
344 3959 458 4011 Baculus
477 4001 483 4011 .
503 4001 509 4014 .
528 3999 543 4024 .,
568 3977 645 4027 quem
662 3961 777 4012 Nervico
803 3961 906 4026 proelio
926 3961 1106 4026 compluribus
1133 3959 1283 4010 confectum
1314 3957 1371 4007 vul·

73 4046 187 4096 neribus
206 4045 321 4097 diximus
341 4044 378 4111 (b.
398 4062 424 4110 g.
443 4048 469 4097 ΙΙ
488 4047 530 4108 25,
550 4048 564 4097 1
590 4047 725 4112 primipilo
748 4046 779 4097 P.
791 4045 883 4097 Sextio
896 4045 1004 4107 Baculo,
1024 4046 1172 4096 fortissimo
1186 4045 1255 4105 viro,
1275 4044 1366 4093 multis

70 4133 256 4199 gravibusque
274 4133 429 4183 vulneribus
449 4132 591 4201 confecto).
610 4163 644 4170 —
662 4134 688 4185 b.
701 4149 726 4196 g.
744 4118 840 4194 uiro,
857 4134 870 4182 1
890 4131 1022 4199 (Crassus)
1043 4146 1116 4197 quae,
1136 4136 1167 4182 ιιι
1184 4135 1247 4182 ante
1266 4130 1366 4181 dictum

67 4222 122 4279 est,
144 4222 171 4268 et
180 4219 319 4281 regionum
328 4217 473 4285 latitudine
485 4223 512 4269 et
521 4219 692 4272 multitudine
711 4220 846 4271 hominum
859 4235 892 4270 ex
909 4220 994 4270 tertia
1010 4221 1089 4283 parte
1100 4219 1203 4269 Galliae
1224 4224 1266 4267 est
1284 4218 1364 4268 aesti-

65 4304 169 4358 manda
186 4304 221 4373 (b.
240 4321 264 4369 g.
283 4305 297 4356 Ι
317 4307 369 4367 1,1
388 4305 476 4357 Gallia
494 4310 537 4356 ost
556 4308 640 4358 omnis
660 4306 748 4357 divisa
765 4308 794 4356 in
811 4308 905 4371 partes
923 4308 988 4366 tres,
1018 4319 1128 4368 quarum
1147 4318 1224 4354 unam
1242 4304 1363 4355 incolunt

65 4393 181 4456 Belgae,
201 4393 313 4457 „aliam“
333 4391 470 4456 Aquitani,
490 4393 619 4457 tertiam).
637 4422 672 4430 -
696 4393 724 4445 b.
743 4408 767 4455 g.
787 4392 824 4442 Vl
842 4393 883 4453 38,
904 4394 916 4440 1
938 4387 1053 4457 (Cicero)
1071 4389 1185 4440 Baculus
1204 4427 1210 4440 .
1231 4427 1237 4440 .
1257 4427 1272 4451 .‚
1288 4392 1363 4441 cuius

63 4479 235 4530 mentionem
253 4480 435 4543 superioribus
453 4479 571 4544 proelius
590 4468 700 4530 fecimus
720 4479 767 4546 (of.
784 4479 809 4530 b.
829 4494 854 4541 g.
873 4477 914 4528 llI
933 4478 956 4538 5,
976 4477 992 4527 2
1011 4479 1039 4526 et
1058 4476 1145 4537 1125,
1167 4476 1203 4543 1).
1223 4506 1255 4515 -
1292 4479 1316 4528 b.
1336 4495 1362 4542 g.

65 4566 109 4617 vi
126 4566 169 4627 40,
182 4566 199 4615 7
213 4565 331 4632 (Cicero)
346 4567 523 4627 centuriones,
537 4579 647 4630 quorum
659 4564 779 4616 nonnulli
793 4579 825 4615 ex
837 4563 1011 4614 inferioribus
1024 4561 1164 4613 ordinibus
1184 4564 1363 4630 „reliquarum

63 4652 222 4716 legionum“
240 4652 352 4703 virtutis
366 4666 445 4703 causa
457 4653 485 4703 in
498 4653 650 4716 superiores
664 4654 740 4701 erant
752 4650 858 4701 ordines
875 4649 952 4699 huius
969 4648 1086 4712 legionis
1098 4647 1226 4709 traducti,
1246 4665 1278 4699 ne
1297 4652 1359 4699 ante

61 4743 176 4807 partam
194 4739 236 4789 rei
253 4738 379 4789 militaris
398 4736 503 4788 laudem
520 4739 684 4789 amitterent.
716 4766 739 4774 -
772 4734 945 4803 b.e.11228,
969 4741 980 4785 l
1010 4734 1115 4803 (Curio)
1134 4734 1195 4786 Sex.
1214 4735 1361 4796 Quintilius

63 4826 165 4888 Varus,
184 4840 261 4891 quem
278 4826 361 4877 fuisse
380 4823 478 4875 Corfini
497 4840 578 4890 supra
596 4824 805 4876 demonstratum
825 4827 867 4875 est
890 4824 929 4890 (b.
949 4824 1002 4876 c,1
1027 4824 1068 4884 23,
1099 4824 1114 4872 2
1140 4821 1200 4873 Sex.
1214 4821 1359 4883 Quintilius

62 4914 158 4966 Varus
177 4913 303 4978 quaestor
320 4913 375 4978 -ι
