3180 5474
716 353 924 418 ..10-

182 572 185 576 -
275 524 313 591 Si
344 530 460 592 eutem
492 525 678 591 nonnullas
710 530 773 591 aut
796 525 912 591 omisit
934 531 997 591 aut
1019 526 1179 606 mutavit,
1205 524 1363 591 funditus
1393 547 1466 588 mu-

172 624 305 696 taverit
327 652 464 696 necesse
488 635 552 706 est,
576 652 618 695 ne
641 651 772 695 omnem
796 628 966 694 rationem
997 650 1036 694 ac
1058 629 1326 716 perpetuitatem
1348 649 1466 721 narra-

171 733 278 800 tionis
302 755 442 820 prorsus
466 732 690 798 conturbaret
724 753 763 796 ao
799 730 1035 812 confunderet,
1070 755 1112 798 ne
1147 732 1216 797 alia
1250 730 1466 810 occultando,

173 837 243 903 alia
267 837 469 903 adverbum
486 836 658 928 narrando
681 835 877 921 legentibus
889 835 1033 922 primam
1051 836 1148 901 illam
1165 836 1331 901 historiae
1346 834 1468 918 legem,

89 956 92 961 '
173 963 234 1019 „ne
258 941 340 1027 quid
363 940 437 1006 veri
450 939 563 1006 dicere
574 963 643 1006 non
655 940 819 1006 1111111111α
823 989 829 1019 ,
844 939 945 1004 nimis
958 939 1073 1025 palam
1089 940 1238 1006 violasse
1250 939 1465 1020 videretur1).

277 1062 343 1128 Sed
367 1062 495 1128 Caesar
525 1085 592 1128 non
615 1062 712 1128 modo
748 1083 805 1126 eas
829 1084 883 1127 res
914 1061 996 1126 silet
1020 1066 1085 1126 aut
1107 1068 1306 1143 commutat,
1342 1061 1465 1149 quibus

172 1166 345 1231 nuntiatis
378 1167 443 1232 sibi
477 1166 686 1254 consilioque
720 1166 896 1247 obfuisset,
935 1167 994 1232 sed
1027 1188 1084 1232 eas
1118 1167 1232 1246 etiam,
1272 1188 1359 1253 quae
1390 1189 1466 1231 cum

172 1271 273 1357 longe
305 1271 518 1337 acommuni
549 1271 668 1358 populi
699 1271 825 1336 iudicio
849 1271 1156 1360 voluntatibusque
1194 1272 1384 1357 legentium
1408 1272 1465 1335 ab·

172 1375 368 1454 horrerent,
405 1374 474 1461 ipsi
496 1397 564 1440 non
593 1374 815 1461 profuissent.
862 1397 1007 1462 namque
1041 1376 1104 1440 hae
1128 1375 1272 1463 quidem,
1310 1396 1396 1462 quae
1430 1374 1464 1439 in

174 1478 428 1544 commentariis
453 1484 536 1543 sunt
559 1478 756 1558 relationes,
781 1501 890 1565 neque
914 1478 965 1543 ita
989 1478 1167 1564 elegatis
1202 1478 1353 1566 quirem
1378 1478 1466 1544 mili·

173 1589 282 1649 tarem
306 1583 451 1648 scientia
483 1587 588 1668 atque
622 1604 688 1647 usu
722 1581 849 1668 optime
885 1582 1057 1667 cognitam
1093 1582 1276 1662 habebant,
1313 1581 1465 1669 scriptae

174 1692 256 1752 sunt
279 1708 389 1773 neque
423 1684 610 1772 quidquam
634 1685 705 1750 fere
730 1684 910 1750 Caesarem
935 1685 1153 1752 adiuvissent
1182 1686 1266 1752 belli
1296 1688 1466 1753 rationem

173 1791 358 1882 ineuntem.
383 1790 532 1877 plurima
555 1788 645 1854 enim
669 1788 912 1870 desideramus,
936 1811 1024 1877 quae
1048 1791 1241 1855 necessario
1272 1791 1466 1875 legatorum

172 1894 399 1960 relationibus
438 1899 700 1959 commemorata
738 1896 885 1975 erant2).
934 1914 1011 1957 nam
1051 1900 1194 1981 excepta
1238 1894 1467 1980 descriptione

173 1997 352 2082 regionum
376 1997 693 2084 singulariumquae
727 1996 809 2063 belli
844 2002 1084 2083 apparatuum,
1122 1997 1157 2061 in
1187 1997 1310 2085 quibus
1342 1998 1466 2064 descri-

172 2100 292 2165 bendis
317 2101 437 2164 miram
460 2100 585 2187 ubique
609 2121 682 2164 esse
705 2100 926 2186 componendi
952 2100 1212 2166 similitudinem
1225 2100 1318 2166 infra
1331 2101 1466 2167 demon·

174 2205 301 2285 strabo,
339 2226 573 2293 quaecumque
610 2204 645 2269 in
681 2205 757 2291 ipsa
796 2204 879 2269 belli
916 2205 1051 2271 ratione
1085 2206 1154 2270 sita
1192 2208 1253 2271 sed
1294 2206 1467 2271 mentibus

172 2308 364 2394 legentium
386 2308 642 2375 accommodata
676 2314 875 2387 nouerant,
908 2309 1008 2396 quasi
1030 2309 1071 2374 de
1104 2308 1279 2375 industria
1310 2309 1466 2375 videmus

174 2435 248 2479 esse
272 2413 472 2501 praeterita.
497 2419 537 2478 ut
560 2413 602 2478 de
625 2413 775 2478 locorum
799 2435 838 2478 ac
861 2416 1053 2499 temporum
1075 2412 1315 2496 intervallisq,
1351 2435 1466 2500 quam-

174 2537 275 2604 quam
310 2516 476 2581 eiusmodi
511 2516 626 2581 nuntii
648 2515 849 2602 imperatori
878 2516 1023 2581 maximo
1049 2521 1148 2580 erant
1172 2521 1352 2596 momento,
1376 2517 1464 2582 nibil

174 2621 437 2706 scriptumest,
476 2644 551 2686 oum
576 2621 665 2686 aliae
688 2621 799 2705 1114),
824 2626 865 2685 ut
887 2619 950 2685 illa
973 2620 995 2685 l.
1021 2619 1061 2701 V,
1086 2620 1130 2684 44
1145 2622 1343 2703 11111115),
1379 2643 1467 2709 quac

174 2725 210 2790 in
234 2724 374 2810 scriptis
398 2725 535 2812 quidem
558 2724 751 2808 legatorum
774 2723 1002 2790 relationibus
1025 2723 1136 2788 inesse
1166 2745 1234 2789 non
1268 2729 1467 2810 potuerunt,

174 2921 381 2929 ..—-————-

280 3040 301 3105 1)
320 3041 360 3090 Eo
380 3041 473 3102 magis.
500 3040 564 3103 quia
581 3040 657 3089 multi
682 3038 750 3106 (ipse
773 3039 907 3090 Labienus
932 3038 1054 3102 legatus)
1075 3055 1088 3089 e
1108 3040 1232 3090 Caesaris
1249 3039 1342 3088 amicis
1363 3037 1467 3087 inimici

174 3130 266 3193 postea
284 3129 348 3178 facti
368 3129 436 3177 sunt.

278 3213 301 3280 2)
320 3213 360 3266 Of.
378 3211 477 3280 Berqlc,
504 3215 630 3277 Beitrage
654 3229 701 3264 zur
727 3218 791 3264 ro'm.
818 3214 996 3281 Qhronologie
1026 3213 1205 3275 (Jahrbiioher
1233 3213 1252 3263 f.
1272 3209 1349 3261 class.
1368 3209 1467 3260 Philol.

174 3298 253 3350 XIII.
274 3300 450 3367 Suppl.·Band
470 3316 532 3365 pag.
552 3302 603 3351 610
622 3300 670 3366 ss.)
697 3328 731 3337 —
766 3299 878 3366 chhly
900 3299 954 3350 und
973 3298 1094 3361 1111110111,
1122 3299 1287 3360 Eiuleitung'
1302 3312 1335 3347 zu
1355 3297 1469 3347 Caesare

175 3387 388 3438 Commentarien
407 3402 467 3452 pag.
487 3391 528 3441 98.

278 3470 303 3538 ³)
323 3474 421 3524 Caesar
440 3473 509 3523 haud
538 3474 680 3536 ignorabat
698 3476 831 3525 Romanos
861 3475 991 3526 eiusmodi
1020 3477 1127 3526 nuntios
1155 3472 1287 3540 fastidire,
1317 3471 1467 3522 narratiun-

175 3559 242 3609 culis
261 3574 323 3609 vero
344 3560 476 3619 delectari,
498 3560 624 3624 operibus
641 3561 821 3622 singularibus
841 3561 883 3626 (ut
897 3563 1031 3627 pontibus,
1050 3561 1168 3612 turribus
1187 3561 1301 3625 aliisque
1313 3558 1468 3623 ingentibus

175 3643 317 3710 machinis]
337 3647 363 3695 et
379 3646 460 3695 rebus
479 3646 637 3710 periculosis
655 3644 858 3712 („Abenteuer“,
879 3649 971 3712 quales
987 3653 1048 3700 sunt
1058 3646 1241 3712 expeditiones
1250 3648 1279 3696 in
1288 3644 1467 3711 Britanniam)

174 3734 379 3796 nominibusque
403 3736 533 3783 terrarum
552 3734 747 3796 incognitarum
773 3735 949 3786 admiratione
968 3736 1047 3786 affici.
1066 3763 1095 3771 -
1119 3734 1171 3785 Cic.
1191 3733 1223 3784 de
1241 3748 1316 3797 prov.
1335 3748 1406 3782 cons.
1426 3732 1469 3798 13,

175 3821 207 3869 33
226 3820 317 3884 itaque
337 3834 394 3869 oum
413 3821 551 3870 acerrimis
570 3821 727 3872 nationibus
747 3825 774 3872 et
797 3823 921 3872 maximis
941 3824 1130 3873 Germanorum
1150 3825 1177 3871 et
1196 3821 1378 3872 Helvetiorum
1392 3834 1468 3884 proe-

174 3906 219 3956 liis
239 3907 396 3956 felicissime
416 3906 579 3958 decertavit:
599 3910 701 3958 ceteras
721 3909 876 3970 conterruit,
897 3911 1032 3975 compulit,
1052 3908 1161 3968 domuit,
1181 3908 1294 3972 imperio
1311 3907 1402 3972 populi
1416 3905 1469 3956 Ro-

174 3993 247 4042 mani
266 4008 360 4057 parere
378 3995 525 4044 assuefecit
541 4000 574 4055 et,
596 4010 661 4060 quas
675 3997 799 4058 regiones
811 4011 930 4061 quasque
950 3997 1043 4057 gentes
1062 3995 1239 4046 nullaenobis
1259 3992 1467 4052 antealitterae,

174 4078 248 4128 nulla
266 4095 325 4138 vox,
354 4081 424 4129 nulla
444 4081 515 4132 fama
533 4085 612 4132 notas
632 4083 741 4148 fecerat,
766 4084 814 4135 has
833 4086 924 4133 noster
949 4083 1093 4149 imperator
1116 4078 1259 4144 nosterque
1289 4079 1420 4130 exercitus
1440 4081 1468 4128 et

176 4167 268 4231 populi
282 4167 394 4216 Romani
413 4182 487 4218 arma
505 4172 687 4233 peragrarunt.
702 4199 735 4206 -
754 4170 793 4221 cf.
812 4171 837 4219 b.
857 4185 882 4232 g.
902 4170 940 4218 111
960 4171 983 4231 7,
1003 4171 1019 4220 3
1038 4185 1073 4221 ss.
1092 4167 1228 4235 (Crassus)
1247 4173 1340 4219 etc—
1354 4166 1392 4216 Cf.
1412 4165 1469 4216 Cic.

174 4251 209 4301 ad
221 4252 309 4312 Quint.
330 4253 358 4300 ΙΙ
378 4255 409 4302 13
429 4252 515 4319 (iba),
530 4256 558 4308 2;
578 4255 610 4304 15
630 4253 697 4320 (16),
716 4256 742 4304 4.
761 4285 794 4291 -
812 4257 924 4321 Eutrop.
944 4256 989 4318 VI,
1014 4257 1059 4319 173
1078 4255 1190 4312 Sueton.
1210 4255 1284 4306 Caes.
1304 4253 1345 4305 25.

278 4338 298 4402 4)
324 4340 362 4389 cf.
383 4340 407 4388 b.
427 4355 451 4401 g.
476 4341 583 4403 11122;
611 4343 636 4393 b.
663 4355 684 4391 c.
703 4339 732 4391 II
759 4343 824 4402 33,1
846 4345 916 4406 et25
950 4345 975 4394 b.
996 4358 1017 4392 c.
1046 4342 1208 4405 1125etc.;
1238 4356 1328 4392 omnes
1353 4339 1470 4405 denique

175 4425 325 4487 legatorum
345 4426 489 4477 orationes,

280 4511 303 4576 ⁵)
322 4513 361 4561 Eo
381 4512 439 4577 ipso
461 4514 579 4577 tempore
598 4529 642 4564 res
661 4515 689 4564 in
708 4519 808 4564 tantum
820 4515 964 4566 discrimen
983 4517 1041 4565 erat
1052 4514 1190 4580 producta,
1209 4517 1239 4565 ut
1251 4515 1310 4581 ipsa
1320 4513 1470 4566 mittendae

177 4598 309 4662 epistolae
330 4614 408 4648 causa
427 4598 503 4649 modo
522 4604 596 4650 11111
615 4615 673 4650 esse
692 4604 783 4666 posset
802 4600 845 4668 (of.
865 4603 891 4652 b.
910 4616 934 4663 g.
953 4599 976 4651 V
996 4599 1182 4668 5141111).
