3180 5474
760 406 777 435 δ

1210 434 1213 441 ι

1104 470 1107 481 ι

628 512 631 521 r

691 724 880 791 „29-

151 897 242 964 silva
275 897 374 984 quasi
398 896 543 985 opprimi
578 897 672 963 etin
695 897 942 964 satisfaciendo
978 897 1143 964 materiae
1175 896 1320 984 quodam
1343 897 1441 963 modo

154 1002 322 1068 laborare.
357 1000 446 1067 Nam
469 1001 623 1068 Hirtium
657 1024 772 1067 omnes
796 995 921 1068 scimus
945 1001 1149 1068 contendero
1173 1006 1314 1081 ceteros,
1339 1022 1440 1088 quam

147 1105 243 1170 bene.
279 1110 383 1193 atque
403 1102 612 1185 emendate,
649 1126 685 1170 se
719 1105 841 1192 etiam,
874 1127 974 1193 quem
1009 1104 1111 1171 facile
1146 1109 1249 1193 atque
1280 1103 1443 1170 celeriter

100 1223 102 1228 '
148 1207 279 1275 Cacsar
302 1209 563 1275 commentarios
596 1209 794 1296 perfecerit,
824 1210 921 1276 scire.
957 1210 1017 1276 sed
1047 1210 1130 1275 mihi
1153 1210 1288 1298 quidem
1312 1207 1441 1273 Caesar

150 1311 307 1382 laborare
332 1334 374 1377 ne
397 1312 535 1379 minime
559 1313 698 1400 quidem
721 1313 871 1396 ridetur.

255 1417 344 1511 Item
368 1416 480 1482 multa
502 1416 670 1482 vocabula
703 1416 739 1481 in
774 1417 920 1503 septimo
951 1417 1195 1483 commentario
1219 1416 1367 1502 primum
1391 1417 1439 1482 in-

146 1520 262 1586 veniri
295 1519 382 1587 nihil
423 1519 530 1584 alieni
562 1519 685 1604 habet3
724 1541 803 1584 uam
833 1519 870 1584 iu
904 1543 971 1586 unc
1003 1519 1147 1609 quodam
1191 1519 1438 1587 commentario

150 1624 299 1711 primum
328 1623 571 1709 repperiantur
601 1645 739 1689 neccsse
777 1627 839 1704 est,
877 1623 906 1689 si
939 1623 1075 1711 quidem
1106 1623 1241 1690 omnino
1274 1646 1341 1689 non
1364 1645 1438 1710 rep-

148 1726 256 1814 periri
278 1750 318 1793 ea
348 1726 447 1807 notis,
487 1731 523 1790 et
545 1724 658 1790 omnia
680 1726 786 1791 verba
808 1725 878 1791 iam
899 1725 934 1791 in
957 1727 1067 1812 primo
1090 1727 1148 1792 vel
1178 1727 1326 1793 secundo
1350 1747 1437 1792 com-

151 1832 319 1898 mentario
343 1831 455 1897 inesse
477 1852 544 1895 non
567 1834 721 1914 possunt.
761 1851 800 1896 ac
824 1829 854 1895 si
877 1829 1005 1896 Caesar
1027 1829 1156 1915 viginti
1178 1830 1439 1897 commentarios

152 1935 355 2021 scripsisset,
380 1934 437 1999 vel
458 1933 494 1997 in
522 1932 681 1998 vicesimo
698 1933 804 1998 verba
829 1933 994 2020 quaedam
1015 1935 1159 2020 primum
1176 1933 1336 2014 inveniri,
1361 1934 1438 2021 quis

156 2045 217 2120 ast,
241 2039 323 2127 quin
346 2037 451 2103 facile
474 2036 711 2102 assentiatur?

251 2142 318 2208 Sed
341 2148 383 2208 ut
404 2140 550 2221 redeam,
574 2141 665 2207 unde
689 2140 865 2226 digressus
889 2165 973 2221 sum,
997 2144 1065 2208 iarn
1090 2165 1146 2208 eos
1169 2142 1271 2221 locos,
1297 2141 1338 2206 de
1363 2141 1435 2228 qui·

150 2249 214 2314 bus
239 2268 344 2333 supra
366 2244 572 2310 mentionem
595 2243 672 2325 feci,
695 2245 876 2330 proferam.

253 2350 292 2415 B.
310 2373 344 2435 g.
358 2349 450 2415 1119
469 2372 526 2409 -ε
547 2347 610 2428 9,1
635 2347 781 2433 remiges
805 2369 847 2413 ex
861 2348 1040 2435 provincia
1063 2349 1204 2415 institui
1226 2370 1439 2436 nusquam

147 2454 353 2519 invenias
376 2450 642 2517 inCaesaris
665 2451 1012 2519 commentariis.
1031 2492 1067 2501 -
1092 2453 1123 2534 8,
1147 2454 1167 2518 2
1192 2454 1267 2519 cu'm
1291 2453 1439 2540 primum

146 2579 210 2644 per
242 2557 323 2622 anni
356 2561 492 2642 tempus
524 2555 658 2642 potuit:
694 2555 800 2620 haec
836 2557 1131 2623 conformatio
1170 2558 1386 2623 abhorret
1420 2577 1442 2621 a

147 2660 356 2727 Caesaris
380 2658 608 2725 scribendi
631 2679 806 2743 genere,
832 2681 1047 2747 nusquam
1070 2660 1185 2747 apud
1209 2659 1439 2726 Caesarem
1532 2648 1534 2653 ’

145 2762 416 2850 repperitur.
439 2798 480 2808 -
514 2762 543 2840 9,
569 2762 588 2826 3
611 2782 698 2849 quae
723 2761 767 2826 ad
790 2783 890 2827 usum
913 2763 1053 2830 navium
1075 2763 1273 2851 pertinent:
1313 2760 1440 2827 Caesar

146 2865 311 2933 dixisset:
347 2886 434 2954 quae
464 2865 544 2930 usui
566 2870 649 2931 sunt
678 2865 735 2949 (cf.
757 2866 787 2930 b.
812 2888 843 2950 g.
868 2865 940 2932 VII
965 2867 1016 2944 55,
1041 2869 1076 2951 73
1100 2869 1130 2933 b.
1156 2890 1182 2946 c,
1211 2866 1304 2944 145,
1327 2867 1371 2949 4).
1398 2904 1438 2913 -

147 2970 176 3051 9,
199 2971 221 3034 4
242 2973 384 3056 propter
417 2968 634 3034 inscientiam
668 2969 820 3035 locorum
843 3020 850 3035 .
877 3020 883 3033 .
908 3020 948 3038 ..
982 2972 1153 3037 sciebant:
1192 2970 1440 3039 ansarita

146 3096 225 3139 non
259 3073 466 3155 dixisset3
506 3070 685 3137 accedit
728 3072 841 3159 quod
887 3078 1049 3162 ,propter
1083 3074 1300 3141 inscientiam

146 3177 322 3243 sciebant“
346 3198 426 3241 non
449 3177 557 3240 bene
581 3174 745 3241 dictum
771 3181 848 3243 est.
864 3216 901 3224 -
927 3179 993 3259 9,6
1016 3200 1125 3269 neque
1149 3202 1265 3245 eorum
1287 3179 1440 3244 locorum

147 3281 246 3363 uada,
284 3285 414 3367 portus,
451 3278 585 3344 insulas
619 3279 773 3363 novisse,
815 3280 898 3346 haec
932 3305 999 3348 non
1023 3304 1107 3368 opus
1132 3287 1186 3348 est
1213 3282 1326 3363 scribi,
1361 3303 1439 3345 nam

148 3384 263 3449 eadem
286 3382 460 3448 sententia
483 3383 575 3447 inest
598 3381 633 3445 in
659 3381 860 3460 ,inscientia
883 3384 1064 3449 locorum“.
1093 3424 1129 3432 —
1176 3387 1205 3464 9,
1229 3387 1250 3450 7
1280 3385 1439 3451 concluso

148 3488 253 3551 mari:
276 3478 305 3552 αἶ
330 3492 357 3551 λ.
382 3524 423 3532 -
447 3485 646 3550 vastissimo
670 3490 774 3573 atque
798 3487 1014 3572 apertissimo
1040 3487 1189 3554 Oceano:
1222 3509 1439 3576 nusquam

147 3589 516 3677 repperiturnisi
539 3587 619 3654 hic.
646 3627 683 3635 -
720 3590 913 3676 perspicere
946 3613 972 3656 c.
998 3612 1066 3657 acc.
1103 3614 1129 3658 c.
1162 3590 1223 3656 inf.
1259 3591 1440 3656 frustra

146 3692 356 3779 requires
380 3691 497 3779 apud
520 3690 765 3758 Caesarem.
1416 3704 1419 3719 '

250 3795 289 3862 Β.
314 3820 340 3862 c.
365 3796 404 3861 ΙΙ
429 3797 565 3878 17-17,
603 3797 616 3860 1
652 3796 857 3861 amicissime
887 3796 982 3884 loqui
1012 3796 1072 3862 de:
1111 3797 1208 3864 alio
1232 3799 1328 3864 loco
1352 3821 1439 3864 non

147 3906 213 3966 est
235 3900 564 3988 reperiendum.
580 3937 621 3947 -
638 3900 1237 3988 17,‘Zpraecccupatumlegationez
1261 3902 1439 3968 frustra

146 4005 361 4090 requires.
386 4040 429 4050 -
452 4003 671 4069 necessitudo
694 4004 880 4070 intercedit
896 4026 972 4070 cum
989 4005 1121 4092 aliquo:
1145 4028 1226 4071 non
1250 4011 1319 4070 est
1342 4005 1439 4071 an-

146 4108 381 4174 sarianum.
419 4143 459 4155 -
493 4106 674 4173 fiduciaria
709 4129 830 4194 opera:
865 4108 1027 4174 iterum
1059 4109 1174 4196 apud
1205 4109 1439 4176 Caesarem

145 4233 230 4275 non
251 4210 467 4277 invenies.
494 4247 531 4256 -
557 4210 608 4290 17,
631 4211 651 4275 3
675 4211 830 4276 omnibus
853 4211 1065 4277 sermonibus
1088 4211 1195 4278 ferre:
1221 4214 1440 4278 abhorret

145 4336 167 4380 a
190 4313 400 4385 Caesaris
422 4313 625 4380 dictione
649 4352 689 4362 —
722 4337 831 4403 neque
861 4338 896 4381 se
927 4315 963 4379 in
994 4316 1102 4381 ullam
1125 4323 1260 4404 partam
1284 4339 1439 4385 movere:

145 4441 356 4506 nusquam
379 4417 664 4506 repperietur
685 4419 728 4484 in
751 4420 1094 4486 commentariis.
1111 4457 1148 4469 -
1168 4420 1280 4487 idem
1305 4421 1439 4489 dican·

146 4522 239 4587 dum
264 4528 333 4589 est
357 4520 417 4587 de.
443 4522 492 4602 17,
517 4522 539 4585 4
561 4542 597 4585 se
622 4519 801 4587 admotus
824 4523 987 4589 fortunae
1010 4545 1155 4590 movere.

248 4626 287 4691 B.
314 4651 340 4693 c.
377 4624 436 4690 III
469 4627 518 4707 32,
545 4627 562 4690 1
601 4626 793 4710 generatim
830 4627 874 4692 ad
908 4626 1093 4693 avaritiam
1132 4628 1435 4713 excogitabantur:

144 4730 310 4796 similis
341 4729 646 4797 conformatio
669 4751 891 4818 nusquam
915 4736 1001 4801 est.
1026 4769 1064 4778 -
1089 4732 1140 4812 32,
1166 4733 1185 4797 2
1215 4733 1437 4815 columnaria,

145 4835 290 4901 ostiaria
314 4824 345 4901 ἆ.
368 4840 394 4898 λ.
408 4871 451 4882 -
474 4834 524 4909 32,
548 4832 568 4897 3
591 4833 732 4920 praefici
756 4856 833 4899 cum
855 4835 1015 4922 imperio:
1033 4857 1202 4924 nusquam
1225 4836 1293 4902 nisi
1316 4836 1379 4903 hic.
1395 4874 1438 4884 —

144 4939 234 5004 Item
259 4938 311 5019 32,
333 4937 356 5001 4
378 4961 438 5006 suo
462 4939 601 5026 privato
629 4937 825 5026 compendio
850 4938 987 5005 servire.
1015 4976 1053 4987 -
1088 4938 1233 5009 honesta
1265 4937 1435 5026 praescri·
