3180 5474
690 768 880 832 ,7..

46 956 50 963 '
133 939 549 1030 Hirtiiquedeansaris
571 937 972 1019 ι1111111111111111111111
995 937 1051 1003 vel
1075 937 1267 1004 confirmari
1290 937 1429 1003 illorum

138 1047 313 1136 opiniones
343 1032 591 1113 existimabam.
635 1065 714 1109 nam
749 1066 790 1109 ex
826 1043 890 1109 illa
919 1041 1094 1140 Ciceronis
1128 1041 1172 1107 ad
1202 1041 1387 1139 Lucceium
1404 1044 1429 1124 ¹)

136 1153 339 1239 scriptorem
374 1149 538 1236 epistola,
582 1169 650 1235 qua
683 1170 758 1222 eum
791 1152 882 1213 orat·
900 1151 1005 1235 atque
1036 1147 1209 1228 obsecrat,
1245 1151 1285 1212 ut
1314 1146 1426 1234 ipsius

134 1254 271 1321 laudem
301 1254 370 1318 iam
400 1274 505 1340 prope
538 1257 772 1317 senescentem
808 1251 850 1316 ab
890 1250 1062 1317 oblivione
1097 1255 1201 1337 atque
1234 1271 1254 1314 1
1284 1248 1425 1314 11111111
1482 1256 1498 1293 -’
1552 1272 1555 1277 ’

132 1358 296 1438 vindicet,
324 1356 585 1422 commentarios
609 1355 758 1421 scribere
781 1355 870 1420 idem
894 1376 967 1420 esse
999 1375 1038 1420 ac
1061 1353 1240 1418 materiem
1262 1354 1424 1439 praebere

133 1461 358 1551 scriptoribus
382 1461 536 1526 conicere
560 1482 751 1547 possumus.
770 1464 875 1546 atquc
900 1459 1054 1540 Cicer-02)
1079 1456 1299 1539 etHirtius³)
1323 1458 1363 1523 ob
1387 1456 1422 1521 id

131 1568 262 1654 ipsum,
305 1570 345 1630 ut
395 1564 601 1630 facultatem
631 1564 814 1650 praeberet
852 1562 915 1646 iis,
966 1562 1024 1650 qui
1059 1561 1240 1627 historiam
1279 1561 1425 1627 scribere

134 1670 278 1750 vellent,
312 1668 494 1734 Caesarem
530 1667 791 1733 commentarios
824 1665 1010 1732 confecisse
1045 1669 1193 1731 censent.
1240 1686 1427 1751 quaecum

132 1773 184 1839 ita
216 1774 296 1849 sint,
332 1770 414 1858 quid
445 1770 554 1855 magis
585 1770 781 1835 inducimur
810 1775 852 1836 ut
888 1775 1060 1856 putemus,
1099 1791 1200 1855 quam
1230 1768 1425 1853 legatorum

133 1877 318 1942 relationes
334 1874 535 1940 immutatas
550 1897 626 1940 eum
638 1874 908 1960 transcripsisse,
919 1873 1124 1961 praesertim
1141 1896 1217 1938 cum
1225 1872 1391 1938 Pollionis
1399 1874 1428 1955 4)

134 1978 308 2046 sententia
330 1977 460 2043 Caesar
483 1999 570 2064 quae
594 2000 656 2065 per
679 1978 766 2044 alios
789 1982 888 2062 gesta
912 1983 1027 2043 essent
1056 1982 1185 2042 temere
1220 1975 1429 2041 crediderit?

134 2103 244 2149 nonne
267 2081 402 2165 gratius
426 2085 530 2169 atque
554 2081 737 2147 iucundius
754 2081 825 2147 fuit
848 2080 1074 2168 scriptoribus
1098 2102 1229 2146 omnem
1246 2080 1423 2146 materiem

133 2185 281 2272 eprimo
313 2184 410 2271 quasi
439 2184 536 2250 fonte
566 2185 706 2250 haurire
737 2207 847 2273 quam,
880 2189 921 2250 ut
953 2185 1006 2251 ita
1038 2184 1158 2264 dicam,
1192 2184 1427 2250 circumcisam

134 2289 293 2375 aliusque
318 2288 500 2354 sententiis
524 2309 679 2375 sparsam
703 2289 855 2376 accipere
881 2311 920 2355 ao
944 2289 1169 2354 distinctam?

232 2391 299 2457 Sed
313 2413 389 2456 oum
404 2391 567 2458 subtilius
580 2414 651 2458 rem
664 2391 914 2457 considerarem
925 2391 1151 2478 Caesarisque
1165 2393 1427 2459 commentarios

132 2494 336 2580 diligentius
359 2494 564 2576 lectitarem,
588 2496 719 2561 multae
743 2495 827 2560 mihi
840 2517 963 2561 causae
977 2496 1214 2575 occurrebant,
1237 2497 1361 2584 quibus
1385 2495 1426 2561 de

133 2598 247 2665 causis
263 2621 330 2664 non
347 2597 443 2664 modo
453 2598 651 2665 Ciceronem
668 2605 703 2666 et
715 2599 879 2680 Hirtium,
904 2599 963 2665 sed
981 2600 1085 2664 etiam
1099 2600 1275 2685 Mergium
1291 2600 1427 2667 Peters-

133 2702 363 2789 dorffiumque
380 2702 602 2768 vehementer
618 2725 743 2784 errare,
758 2703 940 2770 Caesarem
958 2708 1072 2768 autem
1091 2726 1151 2768 suo
1169 2726 1268 2769 usum
1292 2704 1427 2770 dicendi

128 2828 255 2892 genere
279 2806 473 2890 legatorum
496 2828 551 2870 res
574 2811 692 2892 gestas
717 2806 939 2893 descripsisse
962 2806 1045 2872 mihi
1068 2807 1312 2894 persuaderem
1324 2809 1360 2892 ⁵).

133 2949 340 2957 -m——0-—0-

236 3012 257 3080 ¹)
274 3016 347 3065 Fam.
360 3015 384 3065 V
398 3014 465 3075 12,3
484 3018 511 3065 11
524 3015 604 3079 plane
621 3016 702 3065 etiam
725 3018 804 3081 atque
818 3017 899 3066 etiam
911 3031 985 3078 rogo,
1006 3018 1036 3065 ut
1055 3019 1082 3066 et
1101 3031 1179 3066 ornes
1193 3033 1225 3067 11
1242 3017 1428 3068 vehementius

132 3101 222 3162 etiam,
243 3115 320 3165 quam
339 3100 455 3151 fortasse
475 3101 568 3161 sentis,
589 3101 655 3151 1111
674 3116 704 3152 11
714 3101 788 3164 leges
801 3102 932 3152 historiae
951 3102 1080 3165 neglegas
1177 3104 1313 3167 amorique
1332 3108 1426 3155 nostro

131 3187 280 3252 plusculum
300 3186 390 3251 etiam,
411 3202 488 3250 quam
508 3186 637 3237 concedet
655 3188 764 3248 veritas,
785 3188 922 3252 largiare.
944 3227 949 3239 .
970 3189 1043 3240 ..10
1061 3189 1084 3239 si
1104 3190 1218 3255 suscipis
1232 3205 1346 3256 causam,
1366 3205 1426 3241 cou-

132 3273 220 3325 ficiam
239 3273 443 3323 commentarios
462 3288 555 3324 rerum
576 3274 699 3325 omnium.

234 3358 257 3424 2)
277 3358 330 3409 (iic.
354 3359 420 3408 Brut
439 3360 479 3420 75,
499 3360 550 3409 262
570 3363 650 3424 atque
671 3360 752 3410 etiam
766 3361 972 3411 commentarios
992 3360 1119 3425 quosdam
1138 3361 1170 3429 (i.
1182 3377 1204 3412 1.
1216 3363 1240 3412 11
1252 3362 1426 3413 hocnomiue

133 3448 208 3495 11111
236 3444 366 3508 appellati
386 3443 460 3509 sunt)
486 3446 596 3510 scripsit
619 3460 708 3499 rerum
732 3461 846 3506 suarum,
871 3445 949 3497 valde
974 3446 1086 3512 quidem,
1112 3449 1227 3513 inquam,
1255 3448 1427 3512 probandos3

133 3530 197 3581 nudi
216 3531 285 3582 euim
305 3536 376 3594 sunt,
395 3533 466 3583 recti
484 3536 511 3583 11
536 3533 652 3595 venusti,
678 3533 749 3582 omni
776 3535 873 3582 ornatu
899 3534 1029 3584 orationis
1054 3538 1180 3599 tauquam
1197 3537 1274 3585 11111
1293 3534 1425 3586 detracta.

133 3617 180 3667 sed
208 3616 278 3666 dum
311 3618 425 3668 voluit
455 3619 546 3669 alios
578 3618 699 3669 habere
731 3620 850 3683 parata
886 3619 968 3670 unde
996 3625 1174 3682 sumerent,
1214 3623 1267 3686 qui
1297 3623 1429 3672 vellent

133 3704 285 3754 seribere
304 3705 496 3766 historiam,
528 3706 630 3770 ineptis
648 3708 754 3768 gratum
773 3706 889 3755 fortasse
915 3707 988 3769 fecit,
1009 3708 1054 3772 qui
1078 3708 1169 3757 volent
1187 3708 1236 3758 illa
1260 3709 1423 3760 calamistris

129 3791 251 3854 inurere;
276 3806 356 3841 sanos
383 3791 490 3856 quidem
516 3791 637 3842 homines
658 3807 673 3842 a
692 3790 833 3841 scribendo
853 3781 1001 3843 deterruit:
1027 3793 1096 3843 nihil
1115 3797 1157 3844 est
1176 3796 1245 3845 enim
1263 3796 1292 3845 in
1309 3795 1425 3847 historia

130 3890 198 3940 pura
217 3880 244 3927 et
262 3877 371 3927 inlustri
391 3879 528 3930 brevitate
547 3878 659 3930 dulcius.

233 3963 255 4030 3)
267 3964 338 4016 Hirt.
349 3965 374 4014 b.
386 3981 410 4028 g.
420 3967 474 4017 VII
484 3981 601 4032 prooem:
614 3967 632 4015 4
643 3968 751 4016 1111111
765 3966 836 4015 enim
847 3965 919 4016 iuter
932 3981 1023 4016 omnes
1036 3967 1104 4018 nihil
1117 3971 1171 4018 tam
1186 3984 1297 4033 operose
1315 3970 1349 4019 ab
1363 3969 1425 4019 aliis

132 4063 191 4099 esse
209 4051 374 4115 perfectu
384 4067 421 4117 m,
441 4052 509 4117 quod
528 4068 582 4102 non
598 4052 693 4103 horum
704 4053 840 4115 elegantia
850 4056 999 4118 superetur.
1027 4054 1071 4119 qui
1094 4057 1156 4103 sunt
1172 4052 1248 4120 editi,
1266 4055 1426 4105 nescientia

132 4137 268 4187 tantarum
287 4152 374 4188 rerum
395 4140 572 4203 scriptoribus
591 4138 669 4201 desit,
689 4138 808 4202 adeoque
822 4139 972 4203 probantur
989 4139 1105 4189 omnium
1116 4138 1223 4201 iudicio,
1243 4144 1273 4190 ut
1282 4144 1427 4206 praerepta

131 4235 184 4270 non
201 4224 326 4285 praebita
344 4224 459 4274 facultas
476 4226 655 4291 scriptoribus
678 4224 803 4276 videatur
821 4263 828 4277 .
848 4264 853 4276 .
874 4264 879 4274 .
900 4262 906 4276 .
926 4226 941 4274 6
961 4227 1046 4276 111111
1066 4226 1134 4275 enim
1154 4241 1231 4291 quam
1255 4227 1322 4277 bene
1346 4231 1427 4292 atque

131 4306 278 4370 emendate,
297 4325 346 4360 nos
366 4311 448 4361 etiam
467 4326 544 4374 quam
563 4312 642 4363 facile
661 4314 741 4376 atque
760 4312 886 4363 celeriter
906 4326 950 4360 111
969 4312 1122 4376 perfecerit,
1137 4313 1242 4363 scimus.
1263 4317 1321 4364 1111
1332 4317 1421 4364 autem

134 4392 163 4443 11
182 4390 297 4445 Caesare
316 4411 374 4447 oum
395 4397 510 4448 facultas
535 4400 615 4462 atque
635 4383 770 4460 elegantia
788 4413 890 4449 summa
901 4397 1037 4449 scribendi
1061 4402 1116 4448 tum
1141 4399 1283 4450 verissima
1310 4401 1426 4451 scientia

129 4493 239 4530 suorum
259 4482 430 4533 consiliorum
450 4482 674 4547 explicandorum.

232 4566 256 4634 4]
276 4567 350 4619 Suet.
369 4567 423 4621 div.
442 4569 492 4621 Iul.
511 4569 544 4619 56
563 4568 649 4619 Pollio
663 4569 773 4620 Asinius
793 4585 886 4634 parum
905 4570 1051 4634 diligenter
1068 4585 1211 4637 parumque
1228 4573 1336 4635 integra
1354 4573 1424 4623 veri·

133 4656 192 4704 tate
212 4655 377 4720 compositos
395 4659 487 4721 putat,
505 4671 562 4706 cum
582 4656 680 4706 Caesar
699 4657 828 4721 pleraque
848 4661 962 4721 atquae
987 4671 1036 4721 per
1054 4657 1122 4708 alios
1148 4661 1224 4707 erant
1252 4662 1330 4722 gesta
1348 4656 1376 4724 (i.
1396 4675 1418 4710 1.

131 4740 276 4808 elegatis)
296 4744 397 4791 temere
417 4741 563 4792 crediderit
582 4745 609 4792 et
628 4757 694 4807 quae
713 4758 762 4808 per
780 4758 809 4794 se
828 4744 872 4794 vel
893 4743 1014 4794 consulto
1033 4744 1077 4794 vel
1096 4744 1176 4794 etiam
1194 4746 1322 4795 memoria
1334 4746 1426 4810 lapsus

129 4841 271 4891 perperam
291 4826 416 4878 ediderit.

233 4911 256 4978 ⁵)
274 4912 388 4965 Primam
409 4913 475 4964 mihi
493 4913 525 4964 de
544 4914 600 4964 illis
613 4915 816 4981 quaestionibus
834 4915 1030 4967 dubitationem
1040 4917 1162 4980 Meugius
1182 4921 1209 4969 11
1218 4918 1427 4970 Potersdorffius

129 4999 280 5050 attulerunt
297 4999 360 5063 ipsi.
396 5015 456 5051 nam
493 4999 554 5051 iude
574 5001 608 5051 ab
634 4999 713 5054 initio
740 5001 768 5052 id
786 5000 845 5069 [uon
863 5003 940 5068 potui
964 5018 1017 5054 non
1042 5004 1142 5063 mirari,
1186 5005 1294 5070 quinam
1320 5005 1420 5057 lactum
