3180 5474
694 337 905 402 -20-

149 510 274 577 riorem
298 531 392 597 spem
415 508 536 575 addita
557 509 754 594 praesentis
776 510 941 596 temporis
963 500 1130 596 opinione.
1153 510 1244 575 -Π
1265 512 1317 589 41,
1341 511 1449 577 3n0n

151 614 248 681 deest
270 611 408 698 negotio
433 611 538 679 Curio
550 617 587 694 1).
618 651 659 661 --
682 612 741 678 III
763 613 814 691 36,
838 614 859 678 2
881 635 959 678 nam
982 614 1183 702 plerumque
1217 614 1252 679 in
1287 615 1449 680 novitate

149 718 200 784 rei
223 716 317 783 fama
344 715 530 783 antecedit.
564 754 604 763 —-
650 714 708 781 ΙΠ
731 717 783 797 36,
815 717 903 782 3ad
924 716 1049 783 flumen
1073 718 1318 797 Aliacmonem‚
1354 717 1447 805 quod

148 820 386 887 Macedoniam
410 841 431 885 a
453 819 635 885 Thessalia
659 820 794 885 dividit.
818 857 862 867 -
891 820 950 885 HI
974 821 1045 901 100,
1069 821 1089 884 2
1112 819 1318 897 „similium
1343 820 1445 891 Vati·

148 925 238 1005 nius,
263 924 323 1012 qui
345 924 532 990 Brundisio
556 930 727 1012 praeerat.

254 1028 349 1094 Idem
388 1027 430 1093 de
468 1028 512 1093 iis
548 1027 765 1093 orationibus
804 1027 1029 1094 statuendum
1063 1050 1138 1094 esse
1175 1050 1311 1106 censeo,
1357 1051 1449 1117 quas

150 1156 227 1199 cum
265 1133 301 1198 in
336 1132 567 1198 relationibus
590 1132 781 1211 inveniant,
819 1132 954 1217 legatos
987 1131 1147 1197 habuisse
1183 1133 1316 1199 volunt.
1363 1155 1446 1198 nam

135 1242 191 1303 ut
225 1242 320 1303 recte
357 1256 523 1320 negamus
559 1235 642 1300 illas
677 1235 859 1314 orationes,
895 1257 984 1322 quae
1021 1235 1282 1302 commentarios
1319 1235 1449 1302 leviter

148 1339 324 1426 legentis
351 1338 565 1426 principibus
597 1338 790 1426 legatisque
815 1337 995 1405 Gallorum
1019 1344 1054 1403 et
1076 1337 1324 1405 Germanorum
1346 1339 1447 1405 habi·

148 1452 207 1511 tae
229 1443 409 1522 videntur,
434 1448 497 1507 aut
519 1442 712 1508 elaboratas
737 1442 780 1506 ab
810 1441 895 1528 ipsis
918 1446 981 1507 aut
1014 1442 1062 1507 sic
1094 1447 1135 1507 ut
1166 1442 1316 1528 scriptae
1350 1448 1446 1523 sunt,

148 1547 288 1613 habitas
323 1548 444 1630 esse2),
478 1546 530 1611 ita
563 1546 786 1611 vehementer
809 1552 913 1623 errat,
946 1545 1005 1633 qui
1038 1545 1230 1629 legatorum
1264 1546 1445 1612 orationes

147 1642 262 1737 legere
286 1673 322 1717 se
345 1656 458 1738 putat.
483 1649 573 1738 quod
596 1649 701 1714 etiam
724 1672 784 1736 spe
806 1649 989 1734 aggredior
1011 1649 1138 1715 maiore
1161 1649 1444 1736 adprobandum,

148 1756 229 1844 quia
251 1754 425 1822 orationes
448 1754 580 1819 nullius
603 1753 671 1819 nisi
694 1774 810 1820 eorum
825 1753 1018 1838 legatorum
1033 1753 1359 1834 relictasbabemus,
1384 1755 1446 1842 qui

148 1858 331 1926 cumomni
353 1859 426 1925 fere
444 1858 598 1923 exercitu
612 1863 806 1945 pugnantes
831 1857 969 1940 occisi3)
987 1863 1083 1949 sunt,
1107 1857 1142 1922 in
1166 1858 1289 1944 quibus
1301 1856 1447 1924 Caesari

147 1962 276 2048 fingere
300 1961 409 2040 licuit,
434 1983 522 2049 quae
546 1962 668 2040 voluit,
693 1961 824 2027 nullius
847 1960 920 2026 fere
943 1959 1105 2026 memoria
1127 1959 1195 2025 iam
1227 1982 1303 2026 eum
1338 1960 1442 2027 refel-

147 2067 259 2145 lente;
285 2064 441 2131 vivorum
465 2070 501 2130 et
523 2065 758 2152 praesentium
781 2065 915 2130 frustra
938 2064 1154 2150 requirimus.

250 2169 302 2235 Ac
335 2168 483 2256 primum
513 2169 650 2256 quidem
684 2169 886 2254 intellegere
919 2191 1060 2257 nequeo,
1097 2191 1162 2256 quo
1196 2167 1293 2233 modo
1317 2168 1441 2232 horum

147 2274 343 2357 legatorum
367 2271 541 2339 orationes
564 2273 712 2360 scriptas
736 2273 917 2361 acceperit.
942 2271 1062 2337 deinde
1085 2269 1281 2353 Curionis4)
1304 2268 1440 2357 quidem

147 2377 329 2455 orationes,
353 2375 382 2440 si
405 2373 592 2460 diligenter
614 2375 750 2460 legeris,
775 2376 910 2441 omnino
935 2396 1043 2462 aeque
1066 2372 1279 2441 adCaesaris
1303 2371 1438 2437 laudem

146 2480 249 2569 idque
281 2478 471 2558 consilium,
500 2478 590 2566 quod
622 2478 909 2566 supradiximus,
938 2484 1042 2566 atque
1066 2477 1191 2543 adeas
1216 2477 1439 2557 conditiones

147 2584 271 2672 quibus
294 2583 460 2647 utebatur
481 2582 629 2666 legatus
652 2581 802 2648 directas
826 2587 931 2670 atque
956 2582 1059 2647 etiam
1082 2587 1161 2670 post
1183 2580 1266 2646 belli
1278 2586 1441 2646 eventum

145 2686 354 2773 compositas
377 2707 505 2751 cernes.
530 2706 636 2771 quare
670 2708 737 2751 non
761 2689 824 2765 est,
847 2685 938 2773 quod
972 2686 1134 2751 miremur
1163 2708 1218 2752 res
1252 2685 1440 2750 nonnullas

144 2796 260 2855 tactas
284 2790 320 2854 in
343 2789 386 2854 iis
409 2810 493 2867 esse,
535 2809 621 2877 quas
645 2788 795 2854 nondum
833 2789 921 2855 scire
943 2789 1060 2877 potuit
1083 2788 1232 2871 Curi05).
1270 2794 1354 2868 tum,
1393 2794 1436 2854 ut

145 2893 256 2958 multa
279 2892 349 2957 alia
372 2891 540 2971 omittam,
565 2890 691 2957 eisdem
714 2891 902 2958 luminibus
925 2915 964 2958 ac
987 2893 1120 2978 liguris,
1146 2893 1290 2979 quaein
1313 2894 1441 2959 ceteris

146 2994 467 3062 commentariorum
490 2994 703 3061 orationibus
726 3000 896 3083 apparent
918 3002 1061 3062 ornatae
1084 2998 1209 3078 sunto).

249 3187 271 3252 1)
290 3187 329 3238 cf.
347 3203 407 3252 pag.
421 3187 461 3236 14.
480 3186 571 3239 adnot.
591 3190 614 3240 1.

249 3273 271 3339 2)
290 3274 388 3324 Caesar
412 3274 470 3323 sine
496 3274 694 3340 interpretibus
718 3291 751 3326 ne
776 3276 935 3339 intellegere
962 3276 1067 3340 quidem
1091 3276 1140 3326 has
1166 3276 1302 3326 orationes
1332 3277 1438 3340 potuit;

144 3361 273 3427 plurimas
292 3375 356 3410 vero
376 3362 434 3410 luce
453 3361 550 3411 clarius
570 3366 612 3413 est
631 3362 770 3413 Caesarem
798 3363 838 3412 ita
856 3365 902 3412 aut
920 3361 1023 3425 fingere
1042 3365 1089 3413 aut
1107 3376 1243 3421 exornare,
1263 3365 1292 3412 ut
1310 3362 1439 3412 Romanis

146 3447 253 3513 quidem
273 3447 370 3496 iustam
389 3447 453 3497 belli
472 3447 596 3498 movendi
611 3463 716 3498 causam
735 3448 862 3499 habuisse
881 3448 1014 3499 videatur.

255 3532 277 3596 ³)
295 3534 323 3581 B.
343 3548 371 3594 g.
387 3535 410 3584 9.
429 3532 453 3582 V
471 3534 504 3582 37
522 3533 637 3584 Sabinus
656 3573 663 3586 .
683 3571 689 3584 .
710 3573 715 3584 .
735 3573 740 3585 .
760 3536 957 3586 circumventus
975 3535 1137 3586 interficitur
1161 3574 1166 3585 .
1187 3574 1192 3586 .
1219 3535 1298 3586 Gutta
1314 3547 1436 3598 pugnans

143 3620 306 3669 interficitur
337 3634 395 3668 cum
419 3621 534 3670 maxima
560 3624 638 3686 parte
663 3622 779 3672 militum
805 3659 811 3673 .
835 3661 842 3673 .
862 3661 868 3671 .
892 3623 970 3686 pauci
995 3637 1026 3671 ex
1051 3623 1154 3687 proelio
1181 3622 1267 3687 elapsi
1292 3659 1297 3670 .
1318 3659 1323 3670 .
1343 3658 1375 3669 ..
1402 3619 1436 3669 ad

145 3707 236 3756 Titum
255 3705 398 3756 Sabienum
417 3706 535 3768 legatum
566 3746 571 3758 .
592 3746 597 3757 .
618 3746 624 3759 .
644 3747 650 3758 .
677 3710 838 3772 perveniunt
856 3713 937 3772 atque
957 3723 1015 3758 eum
1034 3708 1066 3758 de
1085 3709 1165 3759 rebus
1184 3708 1269 3772 gestis
1294 3707 1437 3756 certiorem

144 3793 255 3842 faciunt.
282 3818 314 3828 -
350 3793 375 3843 b.
394 3808 416 3844 c.
435 3794 464 3842 II
493 3795 533 3856 32,
561 3796 586 3844 4.
619 3795 697 3846 Curio
722 3797 857 3861 proelians
882 3795 1044 3845 interficitur
1064 3833 1070 3845 .
1089 3835 1096 3847 .
1115 3835 1147 3847 ..
1180 3794 1279 3845 milites
1305 3791 1338 3844 ad
1356 3808 1436 3843 unum

145 3893 236 3928 omues
256 3878 462 3928 interficiuntur.

247 3966 272 4028 4)
286 3965 426 4016 Curionem
440 3965 519 4015 facile
533 3965 665 4016 dicentem
679 3968 768 4018 fecere
779 3969 875 4032 potuit,
891 3968 953 4031 quia
966 3968 1053 4019 clarus
1065 3972 1106 4019 est
1115 3970 1218 4019 orator:
1231 3968 1275 4032 (cf.
1283 3968 1358 4019 Brut.
1367 3967 1436 4034 280).

246 4050 269 4114 5)
289 4050 324 4103 Β.
345 4066 369 4104 e.
389 4051 421 4103 II
440 4052 486 4116 32,
505 4048 588 4103 li’an
613 4069 675 4104 vero
703 4055 731 4103 in
750 4055 880 4116 Hispania
908 4069 951 4104 res
971 4059 1064 4117 gestas
1083 4056 1205 4106 Caesaris
1223 4071 1275 4106 non
1303 4054 1436 4107 audistis?

143 4136 210 4186 duos
229 4137 320 4199 pulsos
340 4138 492 4187 exercitus?
513 4136 579 4187 duos
597 4142 738 4203 superatos
758 4138 856 4189 duces?
876 4138 941 4190 duas
959 4144 1081 4205 receptas
1101 4142 1273 4205 provincias?
1291 4143 1357 4192 haec
1375 4143 1436 4191 acta

144 4222 237 4272 dicbus
265 4222 444 4285 quadraginta
463 4225 513 4272 etc.
538 4250 571 4260 -
598 4222 627 4277 b.
648 4239 672 4277 c.
698 4224 730 4278 II
754 4224 799 4291 37,
824 4224 841 4278 2
866 4224 989 4294 iamque
1016 4226 1176 4278 Caesaris
1203 4230 1238 4278 in
1263 4228 1436 4293 Hispania

143 4323 186 4358 res
206 4307 336 4358 secundae
357 4308 385 4356 in
400 4306 518 4356 Africam
543 4310 646 4359 nuntiis
666 4314 692 4360 et
711 4311 799 4360 literis
824 4313 1104 4376 perferebantur
1124 4312 1218 4380 (aliter
1235 4314 1285 4363 hoc
1305 4314 1435 4378 explicari

142 4409 222 4458 posse
241 4412 293 4445 non
312 4395 531 4457 ig110r0,melius
550 4394 638 4458 nego).

246 4482 265 4535 cp
285 4481 418 4532 Similiter
436 4480 557 4546 equidem
576 4497 628 4532 non
647 4498 755 4547 possum
775 4482 1004 4550 comprehendere,
1033 4501 1083 4550 quo
1109 4484 1186 4546 modo
1214 4485 1248 4535 ab
1273 4486 1315 4536 his
1334 4486 1435 4550 legatis

141 4567 288 4617 relationes
302 4568 399 4618 Caesar
412 4567 555 4633 acceperit.
573 4582 605 4619 ac
624 4569 647 4619 si
659 4569 867 4622 Petersdorffius
880 4570 908 4621 in
921 4572 956 4622 iis
970 4573 1112 4638 capitibus,
1134 4571 1229 4637 quibus
1250 4587 1295 4623 res
1307 4588 1323 4624 a
1333 4572 1432 4623 Sabino
