3180 5474
685 234 893 299 „22.-

146 407 265 473 eadem
288 415 393 494 atque
415 406 484 472 toti
505 405 623 471 libello
646 405 758 472 inesse
781 405 870 471 vitia
897 405 1098 471 videbimus.
1138 405 1227 492 quod
1242 404 1305 471 hoc
1329 405 1435 470 etiam

143 510 336 577 mirabilius
371 509 476 601 debet,
503 508 629 590 videri,
676 510 757 598 quia
790 508 918 576 Caesar
939 510 975 576 in
1006 510 1097 576 bello
1132 509 1228 575 civili
1258 508 1439 574 nonnullis

142 615 271 700 legatis
294 615 461 681 utebatur
485 614 611 680 eisdem
623 616 659 697 1),
684 614 743 702 qui
765 614 839 701 ipso
862 614 1068 702 imperatore
1091 613 1127 679 in
1160 613 1262 679 bellis
1296 613 1439 698 gallicis

143 719 344 786 militabant
366 739 475 805 neque
499 740 560 783 nos
575 717 749 797 habemus,
773 740 834 784 our
856 718 992 802 legatos
1015 716 1164 782 inbelle
1188 716 1283 783 civili
1306 715 1439 801 legatis

142 825 179 891 in
202 824 292 890 bello
305 822 432 908 gallico
455 821 637 887 inferiores
652 820 789 907 ingenio
806 821 986 909 minusque
1001 820 1114 886 literis
1129 820 1258 886 tinctos
1273 826 1439 908 putemus

143 928 263 995 fuisse.
288 927 370 1015 quin
389 926 491 992 immo
505 924 687 991 Curionem
704 948 771 990 non
787 924 905 990 dubito
929 929 1085 990 statuere
1108 946 1214 989 unum
1238 946 1279 988 ex
1300 923 1438 990 littera·

143 1031 288 1099 tissimis
304 1029 412 1096 fuisse
427 1029 632 1114 legatorum.
661 1051 773 1094 nonne
801 1049 881 1094 vero
911 1027 1034 1093 mirum
1051 1027 1191 1094 videtur
1220 1050 1293 1094 esse
1320 1049 1440 1094 omnes

147 1137 284 1222 legatos
306 1135 343 1200 in
358 1134 388 1198 b.
411 1156 444 1219 g.
462 1132 599 1210 melius,
622 1131 720 1219 peius
742 1131 778 1197 in
793 1132 824 1197 b.
851 1154 876 1197 c.
900 1112 1156 1218 loqui'omnes?
1178 1132 1263 1198 Rem
1279 1154 1361 1197 vero
1383 1131 1438 1196 ita

145 1263 181 1306 se
204 1239 329 1305 habere
346 1260 422 1303 oum
438 1236 559 1303 multis
582 1235 661 1301 aliis
685 1235 726 1301 de
749 1235 862 1300 causis
885 1239 961 1301 tum
983 1235 1128 1300 maxime
1152 1259 1193 1301 ex
1216 1257 1253 1302 eo
1277 1234 1439 1319 intellegi

144 1349 273 1433 potest,
315 1340 404 1430 quod
437 1339 554 1427 plures
585 1339 621 1404 in
652 1338 905 1405 commentariis
937 1339 977 1404 de
1011 1340 1040 1405 b.
1065 1362 1092 1405 o.
1124 1361 1225 1428 quam
1261 1338 1301 1404 de
1337 1339 1367 1402 b.
1402 1362 1436 1425 g.

144 1447 354 1515 relationum
376 1444 444 1510 loci
466 1442 660 1530 vituperati
682 1448 773 1508 sunt.

249 1566 326 1633 Sed!
350 1587 426 1631 oum
460 1585 669 1652 quaererem,
708 1563 790 1650 quid
816 1561 953 1628 tandem
987 1562 1139 1630 effecisse
1171 1563 1359 1643 videretur,
1395 1566 1441 1627 ut

149 1669 383 1742 commentarii
418 1668 460 1734 de
482 1668 511 1733 b.
537 1690 564 1734 c.
588 1666 770 1733 inferiores
801 1667 1053 1733 commentariis
1086 1667 1127 1733 de
1161 1668 1204 1732 bs
1226 1690 1257 1753 g.
1289 1664 1440 1753 putandi

147 1782 278 1856 essent,
313 1774 400 1839 hano
434 1771 650 1837 inveniebam
682 1792 837 1836 oausam:
873 1769 1015 1837 Caesari
1045 1771 1081 1836 in
1115 1770 1371 1836 commentariis
1396 1769 1439 1836 de

145 1883 176 1947 b.
201 1902 233 1965 g.
258 1873 498 1964 componendis
521 1874 609 1940 nihil
631 1874 699 1940 nisi
721 1874 964 1940 retractandae
999 1896 1038 1939 ac
1060 1873 1301 1961 perpoliendae
1336 1879 1441 1940 erant

146 1984 334 2062 litterae2),
358 2001 444 2067 quas
460 1978 645 2066 quotannis
660 1977 704 2043 ad
726 1982 884 2044 senatum
907 1977 1049 2060 deditss).
1075 1984 1113 2043 at
1136 1976 1372 2043 commentarii
1397 1976 1440 2043 de

146 2090 178 2156 b.
193 2111 218 2153 o.
233 2084 378 2174 quodam
401 2081 499 2148 modo
523 2104 566 2148 ex
586 2081 664 2169 ipsa
686 2104 799 2148 rerum
824 2082 915 2148 silva
938 2082 1036 2170 quasi
1060 2080 1198 2148 dolandi
1214 2086 1324 2146 erant.
1348 2102 1439 2168 quae

145 2215 221 2259 cum
244 2189 296 2255 ita
320 2187 399 2268 sint,
424 2207 536 2251 nonne
561 2190 623 2266 est,
647 2185 736 2272 quod
759 2190 921 2272 putemus
947 2186 1134 2252 relationes
1157 2189 1193 2253 in
1216 2189 1245 2254 b.
1272 2210 1297 2253 c.
1322 2206 1436 2252 neces·

145 2294 238 2360 sario
270 2290 393 2356 melius
427 2310 527 2376 quam
562 2288 715 2376 reliquas
748 2288 899 2354 eiusdem
933 2288 1046 2354 libelli
1077 2296 1196 2378 partes
1216 2272 1438 2376 'compositas
1468 2354 1473 2375 ἱ

146 2418 229 2476 esse,
255 2417 331 2460 eum
353 2392 541 2458 relationes
565 2391 601 2457 in
623 2393 653 2457 b.
677 2416 719 2478 g„
744 2414 830 2481 quae
854 2398 890 2458 et
911 2391 1005 2480 ipsas
1029 2397 1091 2459 aut
1113 2394 1217 2481 plane
1242 2398 1304 2460 aut
1326 2413 1437 2479 paene

144 2500 347 2566 immutatae
369 2496 602 2582 transcriptas
626 2517 699 2562 esse
722 2496 855 2577 volunt,
879 2518 987 2584 usque
1020 2495 1064 2562 ad
1088 2518 1215 2562 annum
1249 2519 1280 2584 p.
1307 2495 1366 2561 Ch.
1403 2518 1435 2560 n.

145 2597 465 2668 MDCOGLXXIX.
491 2597 607 2664 eadem
632 2599 807 2684 elegantia
836 2621 904 2688 qua
936 2604 1146 2667 retractatas
1181 2598 1438 2667 commentario·

251 2876 270 2943 ¹)
288 2878 321 2928 M.
333 2877 467 2927 Antonius
486 2877 610 2928 triumvir
628 2878 653 2928 b.
673 2893 697 2940 g.
717 2877 770 2928 VII
789 2877 835 2942 813
855 2879 880 2928 b.
900 2893 921 2929 c.
943 2879 956 2928 1
975 2877 1085 2941 183111
1104 2879 1146 2929 24.
1165 2877 1204 2927 65.
1224 2877 1266 2927 89.
1285 2904 1318 2913 -
1338 2877 1441 2927 Brutus

145 2966 170 3016 b.
191 2964 278 3028 g.111
299 2964 831 3028 11.14;V119.87;b.c.136.57;
852 2966 922 3017 113.
944 2967 960 3017 ὅ
979 2981 1014 3016 ss.
1037 2995 1069 3002 -
1097 2965 1224 3016 Caninius
1242 2965 1353 3014 Rebilus
1372 2965 1440 3027 bg.

146 3051 199 3102 VII
221 3052 263 3103 83.
283 3052 331 3115 903
350 3052 374 3102 b.
389 3066 410 3101 c.
430 3051 504 3114 1263
524 3052 554 3103 ΙΙ
572 3052 614 3104 24.
633 3052 719 3102 34.-
738 3052 765 3103 O.
776 3053 876 3104 Fabius
895 3054 920 3104 b.
940 3069 964 3117 g.
983 3054 1064 3119 va43
1083 3052 1134 3107 VII
1153 3052 1199 3113 90;
1218 3051 1243 3101 b.
1262 3066 1284 3101 c.
1304 3051 1315 3099 1
1335 3052 1376 3102 37.
1394 3052 1438 3102 40.

148 3139 190 3190 48.
209 3165 242 3177 -
262 3137 396 3203 Sulpicius
414 3136 499 3186 Rufus
518 3135 806 3202 1v223V11903b.
827 3153 848 3188 a.
868 3139 881 3188 Ι
899 3140 946 3202 ’14;
966 3139 1009 3188 ΙΙΙ
1029 3138 1128 3190 101.-
1158 3136 1306 3187 Trebonius
1325 3137 1349 3186 b.
1370 3153 1394 3199 g.
1416 3136 1439 3187 V

148 3225 188 3276 17.
208 3224 377 3287 243V1333
396 3224 449 3274 VII
470 3223 510 3273 11.
526 3223 575 3286 81;
594 3223 619 3274 b.
640 3238 661 3273 a.
680 3223 715 3284 ΙΙ,
742 3224 839 3288 1-16;
858 3225 902 3275 ΙΙΙ
928 3226 969 3276 20.
989 3254 1022 3260 -
1040 3225 1138 3274 Lucius
1156 3223 1269 3274 Roscius
1289 3222 1312 3273 V
1330 3223 1369 3284 24,
1390 3223 1438 3284 53;

146 3311 171 3361 b.
192 3325 213 3360 e.
234 3311 289 3361 13.
310 3311 333 3360 8.
354 3310 394 3362 10.
463 3304 467 3312 '

250 3413 272 3479 2)
291 3414 330 3465 cf.
350 3410 448 3481 Berylc,
468 3414 596 3476 Beitrige
616 3427 663 3463 zur
680 3402 829 3464 rbmischen
850 3414 1034 3476 chronologia
1063 3413 1266 3464 Jahrbiicherf.
1287 3413 1319 3468 cl.
1337 3411 1437 3464 Philol.

148 3501 226 3552 XIII.
250 3498 430 3565 Suppl-Band
448 3515 509 3566 pag.
529 3501 581 3554 609
605 3499 696 3551 adnot.
714 3501 744 3550 3:
776 3501 888 3552 Gaesars
907 3500 1090 3551 commentare
1118 3501 1184 3550 tiber
1209 3499 1259 3550 den
1287 3498 1438 3562 gallisohen

151 3587 236 3649 Krieg
255 3585 316 3636 sind
336 3601 387 3636 nur
406 3587 465 3636 eine
486 3585 720 3650 Ueberarbeitung
738 3586 785 3638 der
803 3585 938 3649 Berichte‚
957 3586 1001 3637 die
1019 3585 1067 3637 der
1085 3584 1440 3637 Hbchstoommandierende

146 3691 181 3725 an
200 3672 251 3724 den
263 3671 346 3724 Sonat
365 3672 524 3737 eingeeandt
538 3673 630 3737 hatte;
650 3673 729 3725 dabei
742 3673 831 3724 wurde
849 3673 974 3724 manohes
985 3674 1078 3724 weiter
1097 3673 1271 3737 ausgeiiibrt5
1290 3672 1357 3723 anah
1375 3674 1439 3724 kam

146 3761 233 3810 Neues
244 3759 332 3821 hinnu,
353 3760 402 3810 wie
416 3758 459 3809 die
475 3759 709 3824 geographischen
719 3758 771 3809 und
788 3759 1051 3826 ethnographischen
1060 3761 1193 3822 Excurse5
1213 3759 1333 3823 degegen
1347 3759 1440 3811 warde

147 3847 213 3897 alles
233 3846 400 3897 Dienstliche
418 3844 480 3907 und,
501 3859 555 3896 was
574 3849 651 3896 sonet
675 3845 751 3896 nicht
776 3847 819 3897 fiir
846 3845 888 3896 die
908 3845 1128 3899 Oeffentliohkeit
1147 3846 1205 3896 sich
1224 3847 1341 3913 aignete,
1369 3863 1440 3911 weg·

145 3933 278 3996 gelassen.

250 4036 273 4102 3)
291 4036 363 4088 Suet.
378 4036 453 4087 Caes.
473 4035 506 4085 56
525 4034 657 4099 epistolae
677 4050 780 4099 quoque
800 4035 858 4085 eius
877 4036 911 4088 ed
925 4041 1046 4089 senatum
1061 4039 1169 4088 exstant
1188 4037 1303 4106 [dicitne
1321 4039 1440 4090 fortasse

147 4123 198 4175 hos
217 4124 291 4189 ipsos
311 4117 555 4188 commentariostl.
575 4121 613 4173 of.
632 4121 658 4173 b.
678 4136 703 4184 g.
722 4121 752 4172 II
774 4122 815 4188 35,
833 4125 850 4172 4
868 4124 903 4174 ob
922 4138 1019 4188 easque
1037 4137 1081 4174 res
1100 4139 1132 4174 ex
1149 4124 1251 4176 litteris
1270 4123 1393 4174 Caesaris
1411 4125 1440 4176 in

147 4209 205 4260 dies
224 4208 375 4273 quindecim
394 4208 556 4273 supplicatio
585 4207 696 4258 decreta
714 4211 763 4260 est.
793 4237 826 4247 -
854 4211 880 4262 b.
900 4226 924 4273 g.
944 4210 983 4261 IV
1010 4209 1051 4275 38,
1079 4211 1096 4260 b
1121 4211 1165 4262 his
1183 4211 1262 4261 rebus
1291 4212 1377 4273 gestis
1405 4227 1439 4262 ex

145 4295 249 4346 litteris
268 4295 391 4346 Caesaris
410 4292 512 4344 dierum
530 4294 630 4356 viginti
648 4294 810 4359 snpplicatio
830 4312 846 4347 a
864 4298 960 4347 senatu
978 4295 1087 4348 decreta
1105 4302 1155 4348 est.
1173 4324 1209 4334 -
1226 4296 1280 4348 VII
1298 4300 1340 4361 90,
1360 4299 1376 4349 8
1395 4298 1440 4348 his

146 4383 226 4432 rebus
254 4381 379 4450 (conicioz
399 4377 497 4446 gestie]
515 4380 618 4430 litteris
637 4380 759 4432 Caesaris
784 4383 901 4446 cognitis
920 4382 1019 4434 Romae
1038 4382 1139 4434 dierum
1157 4383 1257 4446 viginti
1276 4383 1438 4451 supplicatio

146 4465 277 4520 redditur.
