3180 5474
681 257 889 322 -24-.

142 434 260 514 gestas
284 427 425 494 Caesari
459 451 613 493 sermone
645 450 666 493 a
687 427 815 513 legatis
838 432 1002 495 narratas
1035 440 1110 495 esse
1142 431 1382 516 intellegemus
1393 430 1431 512 ¹).

143 554 228 620 quas
252 554 318 619 qua
354 531 488 598 ratione
511 531 707 597 adhibuerit
730 530 867 612 Caesar,
892 531 952 596 vix
974 532 1115 598 videtur
1151 534 1186 598 in
1210 533 1348 599 dubium
1371 557 1432 600 vo·

142 635 214 701 cari
235 658 344 722 posse.
368 658 412 700 an
436 636 517 701 licet
538 658 672 702 sumere
707 657 841 721 semper
864 633 1005 701 Caesari
1036 643 1175 722 praesto
1197 635 1305 703 fuisse
1326 636 1433 702 libra-

144 739 243 819 rium,
268 740 327 826 qui
350 739 442 805 notis
466 737 689 819 velocissime,
714 737 879 826 quidquid
902 738 1012 823 legati
1034 739 1242 820 retulerunt,
1278 740 1322 805 ad
1355 762 1432 805 ver-

145 851 221 907 bum
247 841 404 929 excepit?
426 841 489 906 has
513 849 633 908 contra
655 841 852 908 memoriter
873 843 895 907 i.
920 864 947 907 e.
982 842 1055 907 suis
1089 843 1203 909 verbis
1237 866 1258 908 a
1280 842 1432 910 Caesare

144 945 335 1032 descriptas
360 968 433 1011 esse
456 968 517 1032 pro
542 952 635 1011 certo
658 944 914 1031 proponendum
938 951 1004 1011 est.

248 1065 344 1132 idem
368 1066 411 1131 de
432 1066 475 1131 iis
498 1066 725 1133 relationibus
748 1066 887 1153 scriptis
922 1067 1002 1150 (vel,
1038 1072 1078 1132 ut
1104 1067 1221 1134 verius
1244 1068 1364 1147 dicam,
1390 1067 1434 1133 de

143 1171 379 1250 relationibus,
405 1170 435 1236 si
457 1171 606 1258 scriptas
630 1192 687 1237 eas
711 1192 785 1236 esse
809 1170 993 1236 concedere
1016 1171 1197 1252 velimus),
1221 1195 1308 1260 quae
1332 1172 1435 1260 quasi

143 1296 186 1339 ex
214 1273 299 1361 ipsis
333 1275 463 1341 litteris
493 1281 556 1340 aut
587 1275 752 1362 explicari
783 1282 845 1340 aut
877 1275 1055 1361 explanari
1085 1275 1227 1341 Caesari
1263 1276 1436 1362 elegatis

143 1381 380 1464 potuerunt2)‚
426 1378 583 1464 inprimis
613 1400 695 1444 vero
729 1378 771 1443 de
793 1377 846 1458 iis,
870 1377 994 1466 quibus
1021 1379 1171 1464 acceptis
1198 1378 1339 1445 Caesari
1363 1382 1436 1446 suis

143 1481 253 1546 oculis
283 1487 318 1546 et
352 1482 515 1548 universa
538 1487 575 1547 et
608 1481 747 1568 singula
778 1481 1010 1569 perspiciendi
1039 1483 1191 1548 facultas
1225 1488 1310 1548 erat.
1346 1483 1437 1550 hanc

144 1608 221 1650 eum
245 1584 405 1653 habuisse
429 1586 566 1674 saepius
589 1586 648 1673 qui
670 1586 869 1652 accuratius
891 1586 1018 1671 legerit
1034 1587 1303 1664 commentarios,
1329 1585 1437 1652 facile

144 1689 371 1775 intelleget3).
396 1689 514 1777 itaque
534 1689 653 1755 mirari
668 1689 873 1769 desinamus,
897 1691 955 1777 qui
979 1689 1180 1771 factumsit
1203 1696 1244 1756 ut
1260 1696 1437 1757 construc-

144 1792 255 1858 tiones
279 1794 429 1860 omnium
452 1801 489 1861 et
510 1782 666 1881 pontium
690 1798 725 1859 et
747 1794 896 1860 turrium
920 1793 1094 1859 simillime
1127 1793 1318 1880 descriptae
1353 1794 1435 1860 sint.

145 1896 284 1981 longum
309 1902 362 1962 est
384 1896 439 1963 bic
462 1897 598 1986 quidem
622 1897 760 1982 singula
782 1919 991 1983 percurrere,
1017 1898 1147 1964 animos
1177 1897 1366 1983 legentium
1391 1897 1438 1964 ad

144 2000 208 2066 hoc
232 2000 425 2067 advertisse
448 2002 535 2067 satis
558 2001 614 2066 sit.
639 2001 699 2066 scd
722 2000 813 2088 quod
835 2001 981 2067 maxime
1014 2007 1068 2066 est
1092 2001 1321 2088 conspicuum,
1354 2023 1436 2066 ana·

145 2102 280 2188 phoras,
303 2103 573 2171 allitterationes
595 2126 731 2171 monere
754 2105 831 2171 volo
839 2108 876 2186 4).
910 2136 913 2145 ·
1024 2106 1026 2111 ’

250 2864 270 2931 1)
295 2865 333 2916 cf.
353 2866 377 2916 b.
398 2883 422 2928 g.
441 2866 465 2917 V
483 2868 516 2916 37
522 2881 529 2919 t
559 2867 645 2930 legati
664 2868 746 2918 occisi
767 2872 830 2918 suut
849 2881 907 2918 cum
926 2866 1040 2918 maxima
1058 2870 1136 2931 parte
1156 2867 1286 2927 militum3
1304 2873 1383 2933 pauci
1402 2884 1437 2919 ex

147 2955 250 3020 proelio
270 2956 355 3022 elapsi
372 2955 406 3007 ad
417 2955 562 3005 Labienum
580 2954 698 3016 legatum
710 2954 872 3019 perveniunt
883 2956 963 3018 atque
977 2967 1035 3003 eum
1046 2953 1078 3004 de
1096 2955 1175 3004 rebus
1195 2956 1280 3016 gestis
1295 2956 1439 3007 certiorem

148 3045 258 3096 faciunt.
284 3045 365 3103 V52‚
392 3041 460 3092 4de
489 3056 551 3091 casu
570 3040 665 3092 Sabini
692 3043 720 3090 et
739 3041 835 3091 Cottae
864 3041 963 3090 certius
983 3055 1015 3090 ex
1034 3041 1150 3104 captivis
1169 3042 1309 3103 cognoscit
1328 3043 1436 3094 Caesar.

148 3132 285 3182 Ciceronis
303 3129 388 3192 legati
415 3130 524 3179 litterae
543 3143 564 3177 c.
583 3128 624 3188 46,
646 3129 658 3177 1
689 3130 907 3178 commemoratae
935 3128 1030 3177 inille
1056 3127 1218 3190 gravissima
1244 3132 1325 3192 atque
1343 3145 1436 3194 asper-

148 3219 216 3268 rima
236 3217 281 3283 (cf.
301 3231 323 3268 o.
341 3215 384 3282 45)
404 3215 602 3280 oppugnatione
622 3229 707 3278 neque
726 3217 830 3264 tantam
849 3214 988 3264 materiam
1007 3211 1040 3280 (c.
1060 3212 1171 3280 39-46)
1190 3229 1274 3278 neque
1291 3218 1345 3265 tam
1363 3215 1437 3265 leves

149 3309 293 3368 tenuesque
311 3319 354 3354 res
365 3302 397 3369 (c.
410 3303 455 3365 44)
473 3301 611 3352 continere
623 3304 775 3365 potuerunt,
789 3300 911 3363 inprimis
925 3315 983 3350 cum
1001 3301 1107 3363 saepius
1126 3300 1256 3364 epistolae
1269 3301 1434 3362 interceptae

149 3394 241 3441 essent
259 3390 294 3454 (c.
314 3391 348 3440 45
367 3404 476 3452 quorum
488 3403 549 3453 pars
563 3387 729 3453 deprebensa
741 3388 768 3437 in
783 3390 928 3451 conspectu
941 3388 1093 3436 nostrorum
1107 3386 1221 3436 militum
1241 3400 1298 3437 cum
1311 3387 1432 3437 cruciatu

150 3479 311 3543 necabatur;
331 3475 377 3526 sed
397 3491 464 3525 unus
483 3476 594 3525 Vertico
613 3475 721 3524 litteras
739 3473 860 3538 pertulit,
880 3473 913 3523 of.
933 3471 1017 3527 ibidi.
1029 3499 1060 3507 -
1079 3471 1150 3521 Vb?
1171 3477 1197 3523 et
1216 3474 1249 3522 58
1267 3472 1311 3540 (cf.
1323 3486 1345 3524 o.
1359 3473 1392 3522 58
1404 3474 1433 3534 f.)

53 3606 57 3615 .
149 3594 182 3602 —
200 3563 237 3615 VI
255 3565 271 3614 7
291 3564 353 3613 1118
381 3560 468 3628 (Lab.)
487 3562 545 3611 sine
563 3560 656 3611 dubio:
685 3558 746 3609 vide
765 3573 787 3609 c.
806 3558 844 3608 VI
863 3558 886 3618 6,
915 3559 932 3606 4
958 3557 1016 3620 ipse
1044 3556 1071 3606 iu
1091 3558 1222 3609 Treveros
1241 3559 1436 3625 proficiscitur;

150 3653 188 3703 VI
207 3651 308 3702 36-41
337 3647 452 3713 (Cicero)
480 3649 512 3698 cf.
533 3662 587 3710 cap.
612 3646 645 3696 51
664 3645 722 3709 fin.;
750 3644 804 3695 VII
822 3643 925 3693 57-68
954 3641 1037 3708 (Sab.)
1064 3644 1096 3694 cf.
1122 3643 1175 3694 Vll
1194 3645 1234 3703 57,
1256 3647 1288 3694 10
1314 3643 1375 3696 inde
1394 3644 1438 3696 die

151 3739 232 3789 tertio
252 3753 309 3788 curn
328 3737 450 3787 omnibns
469 3735 554 3799 copiis
573 3733 606 3783 ad
626 3733 766 3784 Caesarem
784 3731 926 3796 pervcnit;
947 3730 971 3779 b.
991 3743 1013 3778 c.
1033 3730 1046 3779 Ι
1063 3731 1098 3781 40
1115 3730 1160 3796 (cf.
1180 3746 1201 3780 c.
1220 3732 1261 3791 41,
1283 3731 1317 3795 1).

253 3844 277 3910 2)
297 3843 336 3894 cf.
355 3842 380 3893 b.
400 3856 424 3904 g.
444 3839 485 3889 Ill
506 3839 620 3900 17-18;
639 3838 664 3888 b.
684 3852 705 3887 c.
724 3836 768 3886 111
787 3836 888 3888 35-39
907 3837 958 3884 etc.

253 3944 274 4010 θ)
293 3946 322 3995 Β.
350 3961 377 4008 g.
405 3944 429 3994 V
450 3944 488 4002 11,
526 3957 592 4006 quae
612 3956 645 3991 ex
672 3931 807 4005 „nuntiis“
832 3938 985 4001 litterisque
1013 3936 1072 4003 (hoc
1099 3952 1151 3987 non
1169 3937 1235 3988 duco
1263 3935 1287 3988 ἓν
1306 3931 1345 3988 διὰ
1363 3935 1438 4004 δυοῖν)

150 4037 320 4096 cognoverat,
347 4047 433 4082 coram
452 4029 585 4095 perspicit
604 4032 655 4079 etc.
682 4029 705 4078 V
723 4027 755 4076 52
774 4026 915 4077 institutas
936 4029 1031 4086 turres,
1052 4023 1202 4075 testudines
1221 4025 1438 4090 munitionesque

152 4120 269 4171 bostium
288 4118 437 4169 admiratur
455 4120 506 4168 etc.
1054 4127 1057 4131 ·

254 4222 278 4287 ⁴)
297 4222 326 4273 B.
346 4236 368 4271 c.
389 4221 415 4270 Π
433 4223 449 4271 9
469 4221 617 4272 Trebonius
636 4219 682 4269 ubi
768 4217 836 4267 bano
917 4217 966 4266 has
1047 4215 1093 4264 ubi
1175 4215 1245 4266 ubi.
1266 4251 1272 4262 .
1293 4252 1298 4263 .
1318 4214 1365 4264 ubi
1384 4253 1389 4263 .
1409 4254 1439 4265 ..

152 4310 182 4360 II
203 4311 235 4362 10
252 4310 297 4359 ubi
316 4346 339 4361 ..
355 4346 361 4358 .
380 4309 524 4358 musculum
602 4307 676 4357 cuius
695 4305 866 4355 musculi
885 4304 935 4353 has
954 4339 960 4351 .
980 4340 985 4351 .
1004 4337 1012 4351 .
1031 4303 1082 4352 etc.
1101 4302 1144 4364 (cf.
1164 4301 1190 4350 b.
1202 4316 1226 4361 g.
1246 4299 1284 4351 IV
1304 4300 1336 4350 17
1355 4301 1437 4351 ratio·

151 4411 213 4447 nem
231 4397 322 4462 pontis
340 4395 408 4446 hanc
426 4395 548 4446 instituit
565 4391 600 4458 (b.
619 4407 640 4444 c.
660 4390 721 4443 118
740 4391 767 4442 id
785 4392 835 4443 hac
852 4390 957 4441 rationo
975 4387 1123 4453 perfectum
1143 4384 1193 4451 est)
1212 4424 1218 4436 .
1237 4423 1244 4438 .
1264 4424 1270 4437 .
1295 4387 1360 4437 haec
1380 4423 1385 4436 .
1405 4425 1410 4437 .
1432 4421 1438 4435 .

152 4481 195 4532 his
214 4483 279 4532 item
299 4518 305 4532 .
323 4520 330 4534 .
349 4521 356 4534 .
374 4481 440 4532 hacc
460 4519 466 4531 .
485 4517 492 4531 .
513 4519 519 4531 .
537 4482 604 4530 haec
623 4482 674 4530 eto.
693 4477 726 4528 cf.
745 4478 816 4528 infra
834 4493 860 4542 p.
880 4475 912 4525 32
932 4489 967 4525 ss.
