3188 5152
718 246 926 312 -26,

147 426 151 455 ¹
177 417 326 484 Eaedem
349 417 422 483 fere
445 418 508 483 hae
532 439 664 511 causae,
690 441 775 507 quas
791 418 950 505 Mengius
974 424 1008 483 et
1022 417 1286 487 Petersdorffius
1303 418 1466 498 afferunt,

181 522 350 607 Georgius
372 521 449 586 ihm
473 521 545 608 ipse
579 521 697 603 nescit,
729 545 827 611 quem
856 523 921 589 sibi
942 522 1125 588 iniecerint
1154 522 1196 587 de
1218 522 1362 609 septimo
1385 521 1467 587 belli

178 625 298 710 gallici
323 624 564 691 commentario
598 626 799 712 scrupulum
823 647 862 690 ac
879 625 1138 705 dubitationem,
1179 625 1362 712 eademque
1391 623 1467 688 fere

180 728 269 794 hunc
304 728 334 794 ei
373 728 587 794 eximendum
626 751 700 796 esse
741 729 876 797 ratione
895 744 898 749 ·
918 729 1086 809 existimo,
1126 751 1192 817 qua
1222 729 1327 807 banc,
1364 749 1466 815 quam

179 854 284 919 supra
305 832 454 914 institui,
479 833 713 920 quaestionem
737 834 917 900 absolvere
940 833 1096 899 conabar.
1122 855 1200 899 nam
1224 834 1255 898 si
1277 831 1466 909 contendit,

183 958 244 1002 sex
261 936 433 1024 prioribus
460 937 713 1003 commentariis
730 937 991 1023 diligentissime
1008 937 1177 1002 lectitatis
1193 960 1268 1003 cum
1284 937 1466 1024 septimum

84 1024 96 1069 ''
178 1062 245 1105 uno
287 1039 385 1126 quasi
420 1045 539 1104 tenore
575 1040 790 1126 perlegisset,
829 1041 922 1106 haud
961 1062 1069 1128 pauca
1108 1046 1144 1107 et
1177 1040 1220 1106 ad
1254 1040 1469 1106 narrationis

179 1167 299 1209 sonum
324 1149 359 1210 et
382 1143 425 1209 ad
448 1145 629 1209 verborum
659 1145 861 1211 electionem
890 1151 992 1232 atque
1009 1145 1259 1231 copulationem
1283 1167 1372 1209 nova
1402 1143 1468 1210 sibi

179 1249 256 1313 visa
286 1270 358 1313 esse
389 1252 425 1313 et
459 1245 667 1333 singularia,
703 1249 738 1315 id
777 1248 861 1315 mihi
895 1247 1030 1335 quidem
1063 1249 1149 1314 nihil
1182 1248 1288 1314 habet
1312 1249 1391 1314 miri
1427 1287 1470 1297 -

179 1373 258 1417 nam
282 1351 371 1440 quod
394 1351 578 1437 septimum
601 1350 641 1417 de
664 1352 694 1417 b.
719 1375 749 1437 g.
775 1351 1064 1432 commentarium,
1097 1375 1162 1440 quo
1185 1375 1240 1418 res
1256 1358 1311 1418 tot
1333 1358 1468 1418 tantae·

180 1477 253 1542 que,
278 1457 428 1543 quantae
444 1455 539 1519 nullo
562 1454 634 1520 fere
650 1455 763 1541 priore
780 1477 868 1521 anno
885 1461 1003 1540 gestae
1020 1461 1110 1536 sunt,
1134 1461 1333 1536 narrantur,
1357 1457 1471 1521 multo

179 1559 341 1626 maiorem
370 1558 519 1624 miratur
553 1558 677 1624 ceteris
709 1560 962 1624 commentariis
995 1581 1080 1641 esse,
1114 1559 1149 1625 in
1173 1560 1236 1625 bac
1269 1581 1373 1625 causa
1395 1564 1468 1625 tam

180 1663 250 1734 levi
274 1668 413 1750 tamque
428 1663 578 1750 parvula
594 1662 786 1728 refellenda
801 1663 925 1747 longus
943 1663 1097 1750 equidem
1114 1664 1169 1728 hic
1186 1685 1260 1729 esse
1276 1662 1353 1728 nolo
1363 1686 1370 1745 ;
1406 1662 1471 1727 hoc

180 1769 268 1834 enim
283 1767 379 1833 modo
394 1790 462 1832 101
478 1789 585 1855 aeque
602 1753 789 1833 absurdum
814 1772 869 1832 est
883 1789 984 1853 quam
1001 1767 1119 1833 mirari
1133 1766 1306 1834 LXXVII
1330 1766 1471 1854 septimi

181 1870 419 1938 commentarii
441 1878 547 1957 caput
571 1871 682 1935 omnia
698 1870 833 1958 reliqua
849 1870 1087 1955 magnitudine
1109 1892 1270 1958 superare
1294 1870 1368 1954 (cfr.
1392 1870 1472 1935 Ihm

180 1974 202 2040 1.
222 1976 243 2041 1.
261 1998 287 2042 s.
304 1975 386 2058 fin),
410 1973 509 2062 quasi
520 1973 657 2054 Caesar,
682 1996 748 2039 101
766 1973 993 2059 grammatici,
1018 1975 1279 2039 commentarios
1302 1973 1337 2039 in
1354 1973 1473 2060 capita

180 2077 404 2143 diviserit-
428 2098 507 2141 nam
529 2077 620 2142 hunc
653 2076 751 2142 nobis
783 2100 850 2142 101
885 2082 957 2143 tam
990 2099 1117 2142 novum
1149 2082 1288 2165 tamque
1319 2076 1472 2142 alienum

181 2181 291 2247 videri
324 2180 460 2260 librum,
498 2202 595 2266 quem
628 2181 767 2267 penitus
791 2180 904 2246 animo
936 2185 1135 2267 perceptum
1159 2180 1331 2259 habemus
1368 2202 1469 2267 quam

183 2307 283 2374 quem
307 2307 374 2351 uno
398 2291 517 2350 tencre
540 2284 748 2371 perlegimus
774 2284 991 2372 strictimque
1015 2283 1205 2368 attigimus,
1236 2283 1312 2349 luce
1343 2282 1473 2349 clarius

182 2395 246 2455 est·
270 2388 421 2476 mihique
445 2411 512 2454 non
529 2387 668 2454 videtur
684 2387 825 2454 dubium
842 2409 925 2468 esse,
951 2387 1032 2474 quin
1049 2387 1160 2454 1111110
1177 2386 1365 2473 multisque
1380 2385 1471 2466 aliis,

182 2494 212 2559 si
235 2491 425 2581 quinque
447 2491 620 2578 prioribus
644 2491 896 2558 commentariis
921 2490 1180 2557 accuratissime
1203 2490 1374 2556 lectitatis
1397 2513 1474 2556 sex-

181 2605 255 2664 tum
279 2596 403 2662 leviter
425 2595 661 2682 percurrisset,
697 2595 786 2660 idem
821 2594 893 2661 fere
917 2594 1093 2660 acciderit.
1130 2599 1221 2660 certe
1245 2595 1350 2659 verba
1370 2615 1472 2682 quae·

182 2700 260 2765 dam
301 2721 340 2765 ao
372 2700 552 2765 verborum
585 2698 881 2778 conformationes,
918 2720 1005 2786 quae
1041 2720 1058 2764 e
1094 2702 1191 2764 sexto
1228 2699 1473 2765 commentario

182 2803 377 2890 conscripsi,
401 2803 437 2868 in
453 2826 558 2869 unum
574 2803 685 2868 locum
704 2808 867 2888 congesta
883 2826 950 2869 non
973 2802 1085 2868 minus
1110 2825 1211 2890 quam
1229 2803 1367 2889 septimi
1384 2826 1472 2869 com-

182 2907 346 2974 mentarii
368 2913 430 2973 aut
448 2906 673 2992 singulariter
689 2911 725 2972 et
738 2907 875 2993 proprie
897 2906 991 2972 dicta
1014 2911 1096 2972 sunt
1120 2913 1184 2972 aut
1205 2907 1260 2972 hio
1283 2906 1393 2993 prima
1408 2912 1474 2973 aut

184 3010 257 3076 sola
283 3011 520 3076 inveniuntur.
556 3032 624 3093 qua
645 3009 735 3075 inre
752 3032 866 3075 omncs
883 3010 1093 3095 intellegunt
1106 3032 1144 3075 eo
1161 3009 1273 3076 minus
1289 3012 1471 3076 verborum

183 3114 410 3198 singularium
432 3113 579 3201 proferri
601 3136 710 3201 posse,
747 3137 812 3200 quo
846 3115 955 3182 maior
984 3113 1151 3203 septimus
1182 3120 1281 3180 sexto
1304 3137 1471 3180 commen·

183 3219 277 3284 tario
301 3224 364 3284 est.
557 3218 560 3224 ’

286 3320 448 3388 Consulis
485 3323 700 3386 sacramento
744 3341 881 3405 rogare,
918 3321 952 3400 l,
984 3323 1003 3387 3
1045 3322 1081 3388 id
1114 3328 1174 3404 (sc.
1214 3321 1473 3413 detrimentum)

183 3425 345 3491 sarciri
368 3423 442 3508 (sed
465 3423 543 3489 vide
567 3424 596 3488 b.
622 3445 647 3488 c.
673 3423 765 3503 145,
800 3424 850 3506 2);
888 3424 1064 3504 141111
1097 3432 1294 3492 exactam
1317 3424 1472 3503 hiemem,

182 3531 212 3613 2,
236 3531 256 3594 2
279 3527 430 3595 inventis
460 3526 636 3595 nonnullis
664 3526 883 3610 civitatibus;
918 3528 948 3608 2,
980 3529 1000 3593 3
1031 3528 1082 3593 ad
1112 3529 1374 3616 imperatum
1404 3551 1471 3594 non

95 3688 104 3697 .
182 3633 318 3710 venire;
353 3632 382 3712 3,
406 3631 426 3695 6
449 3653 509 3718 pro
534 3635 717 3716 suggestu3
741 3631 770 3710 4,
794 3631 814 3694 2
838 3630 1012 3696 sententia
1035 3630 1227 3716 desistunt;
1251 3633 1320 3712 4,2
1343 3630 1476 3697 adeunt

182 3758 244 3823 per
266 3735 421 3817 Aeduos3
455 3734 485 3814 4,
513 3735 533 3800 3
557 3735 774 3800 aestivum
804 3739 975 3821 tempus
1005 3734 1230 3825 instantis
1264 3736 1372 3801 belli
1405 3759 1473 3802 non

184 3837 396 3926 quaestionis
419 3860 512 3920 esse;
549 3840 577 3917 4,
605 3837 625 3902 ὅ
658 3837 845 3924 peragit
876 3839 1127 3923 concilium;
1174 3841 1203 3919 5,
1238 3839 1476 3906 11011111

183 3947 330 4008 mente
354 3949 397 4007 et
419 3941 561 4007 animo
593 3941 636 4006 in
665 3940 826 4006 bellum
855 3940 1081 4008 Treverorum
1113 3948 1148 4007 et
1177 3941 1388 4028 Ambiorigis
1411 3944 1474 4010 in-

184 4044 337 4128 sistit,
370 4046 437 4121 5,3
470 4067 531 4131 pro
556 4044 780 4132 explorato
804 4044 954 4111 habebat
977 4044 1211 4130 Ambiorigem
1254 4044 1383 4133 proelio
1406 4071 1476 4114 non

184 4173 257 4217 esse
291 4154 649 4215 concertaturum
684 4147 819 4235 reliqua
853 4148 926 4214 eius
969 4147 1113 4215 consilia
1147 4150 1259 4216 animo
1295 4149 1475 4217 circum·

186 4253 421 4341 spiciebat;
458 4253 533 4332 5‚7
569 4250 794 4336 confugiunt,
832 4253 904 4333 6,1
940 4251 1083 4340 partitis
1114 4253 1314 4340 copiis...
1341 4255 1477 4321 effectis

183 4357 362 4445 pontibus3
397 4353 474 4436 6,2
516 4355 651 4440 legatos
685 4354 729 4419 ad
760 4376 837 4422 eum
869 4356 964 4443 pacis
995 4356 1164 4442 petendae
1195 4376 1299 4422 causa
1328 4357 1479 4423 mittunt

185 4463 260 4544 (cur
295 4481 362 4524 101
391 4458 454 4543 ,dc
482 4479 566 4546 pace
597 4457 824 4547 petenda3“);
860 4460 889 4539 7,
923 4458 944 4523 5
982 4458 1118 4526 difficili
1144 4459 1299 4526 transitu
1326 4460 1476 4544 flumen5
