3180 5474
103 39 109 49 ¹
194 44 200 57 ι

49 39 1135 419 m

748 452 751 457 .
1301 452 1302 459 η

685 766 896 831 ..47-

141 937 181 1002 id
203 940 297 1002 reete
320 934 388 1002 diei
410 941 536 1024 potest,
561 935 744 1003 Caesarem
767 938 803 1002 in
825 938 927 1004 rebus
963 937 1073 1024 gestis
1095 937 1291 1023 legatorum
1313 937 1439 1005 deseri·
1568 1018 1573 1031 ι

144 1039 264 1106 bendis
287 1062 348 1106 suo
371 1039 509 1105 dicendi
529 1062 654 1125 genere
677 1062 751 1106 esse
774 1062 882 1106 usum.
1470 1036 1478 1042 “

249 1143 316 1211 Sed
338 1166 415 1209 eum
450 1143 538 1210 hano
562 1143 798 1231 quaestionem
835 1148 945 1210 totam
968 1167 1021 1210 me
1053 1144 1325 1231 pertraetavisse
1349 1145 1438 1211 arbi·

142 1255 269 1329 trarer,
293 1248 468 1314 facturum
506 1248 802 1334 operaepretium
840 1270 892 1313 me
930 1268 1005 1313 esse
1029 1248 1204 1334 putabam,
1242 1248 1273 1313 si
1302 1248 1440 1314 efficere

114 1379 116 1383 ’
144 1373 289 1439 possem,
329 1350 469 1439 quinam
492 1349 624 1417 foetum
662 1372 736 1417 esse
772 1350 961 1432 videretur,
1000 1355 1041 1417 nt
1078 1351 1166 1417 hene
1204 1350 1440 1440 quaestionem

146 1453 305 1540 Mengius
328 1459 492 1521 moveret.
517 1454 616 1520 ouius
639 1454 690 1519 rei
714 1477 789 1520 oum
814 1476 953 1520 oausam
977 1475 1185 1542 quaererem,
1224 1453 1440 1520 verissimam

146 1558 363 1625 inveniebam
385 1559 505 1624 hanoe.
552 1558 711 1625 Caesaris
733 1558 947 1625 incredibilis
981 1558 1042 1624 illa
1065 1562 1100 1624 et
1121 1580 1227 1655 prope
1251 1557 1440 1643 singularis

142 1667 183 1727 et
206 1661 324 1728 divina
347 1661 400 1728 vis
422 1661 564 1748 ingenii,
589 1684 657 1750 qua
696 1662 803 1728 altius
827 1683 1071 1750 nonnunquam
1095 1661 1222 1744 evolat,
1260 1683 1363 1750 quam
1400 1667 1441 1730 ut

147 1787 208 1830 nos
231 1764 326 1832 humi
349 1765 464 1847 strati,
488 1770 529 1833 ut
552 1766 603 1833 ita
626 1766 747 1847 dioam,
783 1766 958 1853 suspicere
987 1766 1167 1854 possimus,
1192 1770 1338 1852 apparet
1361 1788 1440 1854 quo·

147 1870 272 1956 quein
295 1870 541 1959 eiussoriptis.
566 1869 621 1936 hio
653 1892 777 1936 novam
801 1869 973 1957 quandam
995 1869 1165 1935 rationem
1200 1869 1325 1936 attulit
1359 1870 1440 1943 seri·

146 1972 249 2038 bendi
273 1979 308 2040 et
330 1973 467 2040 dioendi
488 1994 597 2059 genus
628 1973 767 2039 induxit
790 1995 896 2061 prope
921 1972 1098 2058 singulare
1113 1973 1148 2057 1),
1185 1972 1237 2038 ita
1271 1979 1312 2038 ut
1348 1971 1442 2038 inter

60 2126 65 2131 .
149 2076 335 2163 scriptores
372 2099 478 2164 aeque
521 2077 644 2143 unious
682 2077 830 2144 exsistat
871 2083 976 2164 atque
1013 2077 1107 2142 inter
1141 2080 1304 2142 oratores.
1351 2074 1442 2163 quod

147 2177 405 2259 Quintilianum
441 2179 492 2262 (X
516 2182 544 2262 1,
583 2181 659 2263 114)
683 2180 810 2267 optime
834 2178 1029 2246 declarasse
1065 2185 1160 2267 puto,
1201 2201 1276 2244 oum
1311 2177 1443 2243 diceret

49 2276 53 2286 ’
142 2281 331 2348 Caesarem
355 2283 471 2349 eodem
501 2283 623 2362 animo,
649 2305 713 2371 quo
744 2281 958 2363 bellavisset,
983 2282 1119 2348 dixisse.
1166 2282 1325 2369 Mengius
1360 2302 1441 2347 vero

71 2372 74 2376 ⁴
146 2384 242 2450 dulei
265 2385 326 2451 illa
355 2407 396 2451 ao
433 2407 676 2473 nonnunquam
701 2385 841 2452 deooota
879 2385 1054 2453 Ciceronis
1095 2386 1230 2452 dicendi
1265 2385 1441 2451 suavitate

145 2487 302 2553 imbutus
332 2489 478 2554 maxime
509 2489 716 2555 abhorrebat
745 2510 766 2553 a
790 2488 949 2556 Caesaris
979 2491 1088 2576 gravi,
1122 2496 1263 2556 austero
1294 2509 1441 2576 vereque
1531 2489 1533 2495 '

146 2589 300 2656 Romano
325 2590 459 2658 dicendi
481 2614 614 2677 genere.
640 2592 700 2658 sed
723 2615 800 2658 oum
824 2592 911 2659 hano
935 2593 1115 2681 scriptoris
1138 2594 1317 2672 virtutem,
1355 2612 1443 2678 quae

147 2692 333 2759 videbatur
355 2695 387 2759 ei
409 2694 544 2773 vitium,
568 2695 734 2782 illamque
759 2696 1082 2776 commentariorum
1107 2695 1366 2783 simplieitatem
1390 2697 1441 2758 at·

148 2820 213 2884 que
237 2797 320 2864 adeo
343 2803 574 2880 venustatem,
609 2821 711 2887 quam
734 2799 1035 2886 interpretabatur
1057 2798 1323 2886 neglegentiam,
1358 2795 1442 2863 Cae·

144 2900 236 2965 saris
251 2923 327 2993 pon
350 2924 424 2967 esse
447 2907 547 2968 ratus
571 2903 782 2969 attribueret
804 2903 940 2988 legatis,
966 2925 1042 2969 eum
1067 2902 1148 2969 dum
1170 2902 1285 2969 voluit
1299 2899 1443 2967 reddere

148 3005 319 3085 maiorem,
343 3005 508 3071 minorem
531 3028 567 3072 se
590 3005 781 3072 reddidisse
804 3005 997 3091 ignorabat.

252 3249 270 3312 ¹)
288 3245 399 3314 Kdebly
421 3248 473 3299 und
493 3246 613 3310 thslow,
642 3249 713 3299 Einl.
738 3265 772 3299 zu
790 3249 817 3301 G.
843 3249 927 3300 Iulius
956 3251 1053 3302 comm.
1079 3252 1145 3302 iiber
1169 3250 1192 3301 d.
1212 3266 1236 3313 g.
1255 3251 1290 3301 K.
1314 3265 1375 3314 pag.
1394 3249 1441 3299 89:

144 3330 266 3401 (Caesar)
285 3334 362 3386 hatte
381 3335 440 3385 sich
458 3336 561 3387 bereits
579 3335 627 3386 auf
643 3335 691 3386 der
709 3336 813 3386 soliden
832 3336 985 3401 Grundlage
1004 3340 1128 3401 strenger
1148 3336 1441 3401 grammatisehrheto·

143 3420 251 3470 risoher
268 3420 381 3471 Studien
400 3423 478 3472 einen
497 3422 741 3483 bestimmten,
761 3423 1026 3474 individnellen
1044 3424 1129 3489 Styl
1149 3423 1276 3487 gebildet.
