3180 5474
622 672 834 737 „23-

75 871 155 915 rum
178 853 297 934 partes
315 844 481 911 ducerent
493 844 721 932 compositas?
746 843 881 932 quodsi
903 843 995 908 haud
1016 841 1085 908 scio
1103 865 1147 907 an
1159 842 1374 929 probaverim

75 951 290 1038 legentibus,
330 949 406 1036 quis
436 971 504 1014 non
539 949 701 1014 concedet
733 948 921 1015 relationes
956 947 992 1012 in
1021 946 1051 1011 b.
1082 969 1113 1032 g.
1148 967 1254 1033 aeque
1289 946 1373 1010 bene

73 1055 226 1142 scriptas
250 1075 324 1118 esse
347 1052 468 1118 debere
492 1058 596 1139 atque
618 1053 654 1117 in
688 1048 943 1118 commentariis
979 1050 1020 1116 de
1042 1051 1073 1116 b.
1098 1073 1135 1131 a,
1172 1049 1202 1115 si
1237 1046 1375 1136 quidem

76 1159 131 1227 illi
155 1181 221 1224 non
245 1155 425 1223 errarent?

180 1276 336 1357 Accedit,
368 1276 457 1364 quod
480 1276 724 1342 nonnullorum
735 1278 759 1360 ¹)
790 1275 949 1343 Caesaris
983 1272 1177 1360 legatorum
1208 1272 1376 1361 epistolae

74 1387 217 1449 exstant
240 1381 343 1467 plane
367 1380 436 1445 alia
459 1380 595 1447 ratione
618 1380 796 1447 confectae
820 1386 923 1469 atque
958 1402 1045 1468 quae
1079 1380 1114 1444 in
1146 1377 1376 1444 relationibus

74 1489 238 1575 apparet:
276 1482 470 1564 Quintus
494 1482 649 1548 Cicero
674 1483 709 1549 in
733 1484 890 1571 epistolis
915 1490 968 1550 est
991 1482 1106 1564 latior,
1132 1483 1230 1568 copia
1253 1481 1374 1546 verbo-

77 1611 155 1654 rum
189 1609 290 1675 quam
313 1607 427 1651 rerum
458 1585 603 1666 uberior,
640 1585 780 1667 dulcior,
813 1587 1091 1653 coniunctionum
1114 1585 1374 1671 longiorumque

80 1689 418 1779 comprehensionum
428 1688 622 1770 studiosior,
634 1689 752 1756 Cicero
769 1690 805 1755 in
815 1690 1068 1756 commentariis
1077 1712 1227 1777 pressus,
1245 1687 1375 1773 gravis,

80 1818 158 1862 cum
172 1794 268 1880 copia
283 1798 358 1858 tum
374 1791 547 1858 brevitate
560 1791 736 1874 mirabilis,
751 1793 1029 1859 coniunctionum
1043 1793 1239 1878 neglegens,
1256 1812 1375 1855 amans

82 1897 312 1964 ablativorum
335 1895 581 1977 absolutorum,
607 1895 788 1962 candidum
813 1901 848 1962 et
871 1897 1091 1963 enucleatum
1116 1895 1250 1962 dicendi
1265 1917 1374 1980 genus

76 2007 174 2068 tenet
197 2007 232 2067 et
255 2000 429 2088 simplices
452 2001 588 2087 quidem
613 2005 648 2067 et
670 2022 797 2087 parvas
823 2002 883 2067 sed
906 2008 1072 2068 venustas
1097 2000 1232 2066 easdem
1268 1998 1375 2063 habet

80 2104 407 2193 comprehensiones.
454 2102 676 2170 D.Brutus
701 2105 736 2170 in
761 2105 918 2192 epistolis
942 2105 1077 2171 ratione
1102 2103 1272 2170 scribendi
1298 2103 1375 2167 hor·

81 2208 169 2288 rida,
193 2208 299 2287 tenui,
324 2206 507 2288 disiuncta,
531 2208 567 2272 in
590 2207 819 2273 relationibus
841 2209 981 2289 leviore,
1007 2206 1249 2295 aequabiliore,
1275 2205 1374 2271 volu·

78 2311 201 2376 biliore
235 2310 357 2375 utitur.
405 2310 440 2376 Ο.
475 2309 687 2376 Trebonii
722 2311 863 2377 litterae
886 2312 1034 2378 minores
1070 2316 1168 2389 sunt,
1200 2331 1302 2397 quam
1334 2311 1376 2372 ut

80 2414 169 2482 certi
192 2413 324 2500 aliquid
345 2414 387 2480 de
419 2415 492 2481 eius
527 2414 662 2481 dicendi
696 2437 821 2501 genere
845 2421 1000 2481 statuere
1034 2415 1221 2502 possimus;
1258 2418 1375 2478 tamen

77 2541 145 2584 non
176 2522 230 2584 est
271 2517 419 2599 dubium,
456 2519 539 2607 quin
571 2519 828 2586 coniunctiones
864 2520 973 2605 magis
1008 2518 1233 2598 adamaverit,
1271 2538 1374 2604 quam

77 2623 137 2711 qui
168 2622 204 2687 in
235 2622 488 2688 commentariis
522 2622 563 2687 de
595 2624 625 2687 b.
662 2646 688 2687 c.
724 2620 885 2689 Trebonii
925 2645 981 2689 res
1024 2627 1142 2708 gestas
1180 2618 1374 2705 descripsit.

76 2727 122 2793 M.
139 2727 172 2791 A
182 2731 254 2793 nto
265 2726 363 2792 nius
377 2749 458 2792 vero
474 2727 510 2792 in
525 2726 656 2793 litteris
670 2728 919 2793 veteratorium
934 2726 1103 2815 quoddam
1120 2731 1224 2813 atque
1240 2723 1374 2789 aridum

80 2836 115 2895 et
138 2830 321 2916 abruptum
345 2829 480 2896 dicendi
502 2854 611 2916 genus
642 2835 757 2913 tenet,
790 2831 826 2897 in
861 2831 1114 2898 commentariis
1148 2848 1373 2907 numerosam,

79 2926 273 3016 rotundam,
299 2934 508 3000 concinnam.

182 3055 250 3120 Sed
293 3079 335 3121 ne
375 3056 411 3121 iu
445 3056 499 3122 his
543 3057 731 3146 horumque
776 3058 944 3124 similibus
983 3055 1197 3143 argumentis
1235 3052 1373 3138 longius

78 3160 198 3227 videar
220 3159 362 3240 versari,
397 3159 465 3226 iam
489 3159 532 3226 ad
555 3160 618 3226 illa
651 3184 783 3227 summa
818 3162 962 3241 veniam,
998 3182 1084 3249 quac
1120 3160 1149 3225 si
1182 3158 1373 3246 probavero

81 3285 159 3344 una,
184 3285 281 3328 nemo
307 3263 382 3342 erit,
407 3264 466 3350 qui
488 3270 592 3349 neget
614 3265 650 3330 in
673 3266 736 3331 hoc
768 3289 836 3332 uno
872 3270 1073 3350 argumento
1108 3268 1219 3329 totam
1254 3282 1373 3350 quaes-

81 3367 207 3433 tionem
231 3365 409 3433 contineri.
434 3367 521 3433 hanc
546 3368 635 3433 enim
659 3391 735 3436 cum
758 3369 810 3434 ita
834 3369 945 3435 adhuc
968 3366 1192 3448 instituerim,
1225 3370 1266 3430 ut
1290 3364 1372 3430 Cae·

82 3470 152 3536 sari
173 3471 369 3554 legatorum
392 3469 579 3536 relationes
614 3472 763 3558 scriptas
797 3474 839 3538 ab
874 3473 959 3560 ipsis
992 3472 1121 3558 legatis
1155 3469 1373 3535 concederem

80 3574 230 3641 traditas
255 3595 337 3654 esse,
374 3573 403 3637 si
439 3594 511 3639 rem
549 3575 746 3642 accuratius
784 3577 1075 3665 inquisiverimus‚
1113 3576 1279 3664 plurimas
1317 3594 1373 3638 res

185 3851 203 3918 ¹)
222 3852 361 3917 Epistolae
381 3852 503 3914 Quinti
522 3854 726 3905 Ciceronis:
746 3859 803 3906 tres
822 3854 855 3906 ad
876 3855 1001 3906 Tironem
1021 3856 1107 3910 rFam.
1133 3853 1196 3904 XVI
1216 3855 1240 3904 8.
1260 3855 1301 3904 26.
1320 3854 1372 3916 27).

80 3953 132 3988 una
151 3938 185 3988 ad
203 3939 321 3988 Marcum
340 3939 453 3990 fratrem
472 3939 557 4008 (Fam.
576 3941 640 3991 XVI
659 3941 712 4004 16).
741 3942 774 3992 cf.
794 3943 847 3993 cio.
867 3942 901 3992 ad
920 3942 968 4002 Qu.
997 3943 1029 3992 fr.
1049 3942 1093 3991 ΙΙΙ
1121 3944 1143 4003 1,
1171 3942 1201 3992 19
1230 3940 1372 4004 epistulam

80 4027 152 4074 tuam
173 4060 178 4073 .
205 4063 211 4075 .
230 4023 439 4093 .aristophaneo
458 4027 535 4078 modo
554 4025 632 4077 valde
652 4027 801 4077 mehercule
821 4031 849 4078 et
868 4042 976 4078 suavem
995 4031 1022 4077 et
1040 4042 1156 4090 gravem.
1170 4055 1202 4064 -
1234 4026 1373 4092 Epistolae

79 4110 231 4160 D.Bruti
259 4110 342 4178 (Fam.
361 4110 401 4159 XI
421 4110 443 4160 1.
461 4113 486 4163 4.
515 4113 608 4163 9-11,
629 4113 661 4162 13
680 4113 712 4166 Α.
733 4115 773 4164 19.
800 4115 841 4164 20.
867 4114 907 4164 23.
935 4112 996 4178 26):
1024 4113 1085 4164 Tac.
1114 4112 1177 4164 dial.
1207 4115 1238 4164 18
1263 4113 1372 4176 legistis

81 4195 174 4257 ntique
193 4198 221 4243 et
239 4196 314 4246 Calvi
333 4200 361 4246 et
378 4197 456 4247 Bruti
479 4197 513 4248 ad
531 4198 686 4250 Ciceronem
704 4201 800 4250 missas
827 4200 966 4264 epistulas,
995 4199 1142 4262 exquibus
1169 4199 1248 4250 facile
1268 4202 1310 4250 est
1328 4199 1372 4250 de-

78 4279 246 4347 prehendere
264 4284 375 4335 Calvum
394 4282 500 4349 quidem
519 4285 641 4336 Ciceroni
660 4285 746 4336 visum
776 4302 936 4349 exsanguem
964 4289 991 4336 et
1019 4284 1128 4344 aridum,
1148 4287 1259 4337 Brutum
1283 4291 1371 4338 autem

80 4370 198 4420 otiosum
228 4371 307 4433 atque
331 4370 493 4422 disiunctum
518 4369 706 4439 (discinctum).
734 4400 768 4411 -
805 4374 932 4424 'Prebouii
957 4371 992 4423 ad
1014 4373 1048 4422 M.
1072 4373 1226 4424 Ciceronem
1257 4372 1373 4439 epistola

81 4455 167 4521 (Fam
182 4454 238 4504 XII
258 4455 311 4520 16).
330 4485 363 4494 --
392 4457 505 4508 Antonii
524 4458 656 4522 epistolae
683 4459 727 4523 (ad
745 4459 803 4510 Att.
822 4460 880 4510 XS
903 4458 968 4509 lx
996 4460 1035 4521 10,
1056 4461 1085 4522 25
1115 4457 1271 4527 14‚13A]:
1297 4460 1370 4512 Suet.

81 4543 148 4606 nug.
167 4543 201 4596 86
225 4543 259 4592 Μ.
278 4541 422 4595 Antonium
441 4585 447 4596 .
467 4583 473 4596 .
493 4583 499 4597 .
519 4559 551 4594 ea
569 4546 731 4597 scribentem
751 4562 817 4611 quae
835 4549 965 4598 mirentur
983 4547 1074 4613 potius
1092 4546 1213 4597 homines
1237 4562 1314 4612 quam
1332 4548 1371 4598 in·

81 4630 220 4692 tellegant.
240 4659 269 4668 -
307 4629 369 4680 Etsi
387 4629 494 4682 dubium
513 4646 566 4682 non
584 4634 634 4692 est,
654 4634 718 4696 quin
737 4633 809 4683 aliud
828 4635 864 4683 sit
883 4634 1014 4698 epistolas
1033 4633 1169 4684 scribendi
1188 4649 1280 4697 genus,
1299 4633 1372 4684 aliud

82 4730 125 4766 res
144 4718 235 4777 gestas
253 4715 401 4783 referendi,
424 4719 514 4768 tamen
533 4719 578 4784 qui
602 4717 725 4769 (laeseris
745 4720 826 4770 etiam
844 4719 951 4770 litteras
971 4735 1038 4784 quae
1054 4724 1161 4771 exstant
1180 4719 1246 4786 (Cic.
1261 4720 1295 4771 ad
1313 4721 1371 4774 Att.

81 4803 106 4852 X
124 4802 156 4852 A.
176 4803 192 4851 7
211 4802 239 4852 O.
259 4802 291 4852 13
309 4801 342 4856 A.
364 4803 404 4853 16.
421 4801 446 4852 X
464 4804 481 4853 8
498 4800 534 4870 Β)
552 4804 661 4869 legerit,
687 4805 830 4870 intelleget
848 4807 942 4858 miram
965 4808 1052 4859 ineis
1080 4807 1283 4858 similitudinem
1311 4822 1370 4859 esse

81 4893 164 4953 atque
184 4886 265 4937 etiam
282 4888 392 4939 eandem
411 4888 546 4940 scribendi
564 4892 705 4957 rationem,
725 4907 791 4959 quae
811 4893 899 4943 estin
917 4894 974 4944 eius
993 4895 1198 4945 commentariis.
