3180 5474
649 668 859 734 ..25-

174 858 177 867 ·
211 839 269 906 VI.
316 840 381 906 His
406 863 493 928 quae
528 840 637 906 attuli
659 838 875 927 argumentis
906 840 975 907 etsi
996 841 1181 929 profligata
1215 844 1283 910 iam
1316 843 1399 907 haec

99 951 137 1013 et
157 965 270 1032 paene
294 943 337 1008 ad
361 943 490 1010 exitum
514 943 666 1009 adducta
689 944 846 1031 quaestio
860 951 922 1026 est,
947 946 1168 1013 tameninfra
1186 948 1399 1033 argumentis

99 1070 140 1113 ac
164 1047 368 1129 rationibus,
394 1070 480 1134 quae
493 1048 528 1113 in
540 1047 712 1114 scribendi
723 1070 847 1134 genere
861 1048 930 1114 sita
942 1055 1034 1129 sunt,
1048 1055 1167 1116 nostra
1186 1051 1400 1129 confirmabo,

98 1150 260 1217 refutabo
295 1151 478 1218 contraria.
525 1150 627 1239 idque
660 1174 697 1217 eo
733 1153 842 1238 magis
873 1152 936 1217 fiat
969 1174 1106 1219 necesse
1140 1154 1279 1220 videtur
1315 1176 1399 1234 esse,

88 1240 191 1343 'quod
214 1253 256 1320 de
279 1254 341 1320 hoc
365 1253 611 1321 addubitantes
634 1253 793 1340 Mengius
816 1262 853 1322 et
867 1255 1133 1323 Petersdorffius
1160 1257 1397 1345 quaestionem

100 1363 295 1425 moverunt.

204 1461 295 1528 Nam
332 1460 368 1527 hi
405 1460 609 1527 confirmant
643 1461 777 1527 dicendi
814 1485 921 1548 genus
958 1462 994 1528 in
1035 1463 1271 1545 relationibus,
1312 1470 1398 1551 quas

100 1568 248 1645 vocant,
274 1564 376 1630 etad
409 1564 684 1651 phraseologiam
719 1572 754 1631 et
792 1565 835 1631 ad
864 1562 944 1639 ἅπαξ
980 1560 1126 1650 λεγόμενα
1161 1572 1196 1634 et
1231 1567 1275 1633 ad
1308 1567 1396 1633 alias

102 1666 273 1735 scribendi
288 1668 438 1755 ineptias
454 1668 476 1735 i.
491 1690 519 1740 e.
535 1670 640 1734 verba
651 1670 740 1735 male
756 1669 865 1735 latine
880 1669 973 1736 dicta
985 1670 1040 1736 vel
1057 1671 1201 1736 maxime
1214 1671 1398 1737 abhorrere

104 1796 126 1838 a
147 1770 281 1839 dicendi
303 1794 427 1858 genere
439 1771 597 1838 (lassaris
617 1773 764 1860 proprie,
790 1772 850 1839 sed
871 1773 1137 1840 Petersdorffius
1161 1776 1265 1841 etiam
1282 1798 1396 1842 omnes

97 1875 289 1943 eorundem
312 1876 505 1962 legatorum
528 1877 716 1944 relationes
739 1900 897 1963 magnam
920 1879 1045 1944 habere
1077 1879 1248 1946 scribendi
1279 1880 1399 1946 simili-

105 1980 260 2047 tudinem
283 1987 397 2067 putat.

209 2082 277 2151 Sed
300 2083 454 2151 Eussner
491 2085 620 2174 aliique
643 2091 679 2152 et
702 2086 815 2151 multa
837 2085 895 2150 vel
918 2086 1046 2172 optime
1071 2086 1165 2152 dicta
1203 2092 1239 2152 et
1274 2088 1396 2169 multa,

100 2188 421 2277 quaeuferebantur,
445 2185 549 2273 ,deut
564 2180 729 2273 λεγόμενα“
745 2189 914 2276 repperiri
937 2192 1074 2276 saepius
1098 2190 1190 2277 apud
1213 2191 1395 2258 Caesarem

102 2300 136 2359 et
158 2294 268 2359 multo
296 2294 398 2380 plura
427 2293 647 2359 emendandis
671 2293 941 2373 commentariis,
979 2316 1063 2380 quos
1086 2296 1175 2360 male
1199 2317 1219 2360 a
1242 2296 1396 2363 librariis

101 2396 332 2484 transcriptos
355 2397 558 2483 accepimus,
583 2396 817 2483 compluribus
847 2396 988 2483 scriptis
1018 2397 1179 2483 probavit
1211 2399 1398 2488 bonamque

103 2501 156 2567 ita
180 2500 391 2588 quaestionis
414 2505 549 2586 partem
572 2499 733 2566 absolvit.

115 2611 124 2623 '
208 2590 366 2690 Longum
389 2626 470 2669 vero
495 2609 557 2684 est,
583 2604 621 2684 si,
646 2603 812 2691 quidquid
835 2602 1102 2670 Petersdorffius
1125 2605 1254 2692 aliique
1287 2606 1322 2670 in
1346 2625 1398 2670 re·

100 2707 293 2775 lationibus
316 2709 572 2795 vituperonum,
597 2707 736 2793 singula
759 2712 922 2773 accurate
944 2706 1048 2772 velim
1072 2708 1277 2789 examinare,
1301 2730 1396 2795 prae·

103 2811 224 2877 sertim
247 2834 322 2877 cum
345 2835 454 2899 neque
478 2811 678 2898 quaestione
701 2833 777 2877 mea
800 2817 863 2876 aut
887 2810 1009 2876 melius
1044 2811 1131 2876 illud
1165 2812 1305 2898 probari
1335 2816 1399 2878 aut

102 2914 241 3002 planius
265 2914 430 3002 explicari
451 2915 562 3001 possit
586 2918 621 2980 et
645 2935 746 3000 saepe
770 2936 909 2980 numero
944 2935 1082 2979 necesse
1116 2914 1165 2979 sit
1199 2936 1251 2979 me
1287 2915 1397 2980 multa

102 3019 177 3086 illis
199 3019 368 3085 adsentiri
390 3019 516 3084 iterum
531 3018 569 3084 in
585 3019 848 3100 commentariis,
874 3018 1080 3106 quiquidem
1096 3018 1243 3085 istorum
1259 3025 1393 3085 senten·

102 3122 156 3190 tia
179 3120 338 3189 Caesaris
362 3127 454 3202 sunt,
477 3145 545 3188 non
568 3121 727 3187 inveniri.

104 3230 107 3235 ’
208 3225 276 3292 Sed
309 3225 389 3290 dum
423 3225 515 3291 haud
548 3225 617 3291 soio
642 3247 686 3290 an
709 3225 771 3291 hoc
795 3225 1007 3292 concedendo
1041 3225 1243 3292 adversaria
1276 3226 1395 3292 videar

105 3330 282 3408 adsentiri,
307 3329 503 3395 inde¹reote
528 3351 584 3396 eos
602 3329 764 3409 effecisse,
788 3330 972 3395 abhorrere
996 3331 1182 3396 relationes
1199 3351 1219 3394 a
1234 3328 1394 3396 Caesaris

104 3432 275 3500 scribendi
297 3455 431 3518 genere,
465 3456 587 3501 vereor
624 3432 780 3521 equidem
818 3437 859 3498 ut
889 3432 1016 3519 possim
1054 3433 1248 3500 concedere.
1285 3455 1395 3521 neque

101 3536 194 3604 enim
217 3558 354 3603 necesse
378 3541 431 3602 est
453 3559 515 3603 nos
538 3537 683 3623 probare
718 3538 829 3602 omnia
853 3542 888 3603 et
911 3536 1050 3622 singula
1083 3538 1189 3602 verba
1220 3541 1255 3602 et
1278 3539 1394 3604 verbo·

100 3664 180 3707 rum
203 3640 489 3707 conformationes
524 3640 661 3728 aliaque
684 3640 735 3706 bis
759 3641 816 3706 vel
838 3640 976 3727 saepius
1008 3646 1120 3706 inesse
1152 3641 1188 3705 in
1211 3640 1265 3706 his
1298 3663 1395 3727 prae·

100 3745 224 3813 sertim
238 3744 356 3831 parvis
374 3744 694 3809 commentariorum
710 3743 948 3823 monumentis,
972 3747 1008 3809 et
1022 3765 1119 3810 nemo
1140 3749 1202 3824 est,
1227 3745 1285 3830 qui
1301 3745 1395 3830 igno-

100 3854 160 3916 ret
182 3870 347 3934 magnum¹
368 3849 549 3913 verborum
571 3847 931 3933 numeruminprimis
955 3847 1042 3913 artis
1066 3848 1234 3913 voeabula
1257 3854 1293 3914 et
1312 3854 1395 3914 tem-

101 3974 188 4041 pore
212 3956 248 4018 et
271 3951 356 4018 locis
379 3951 558 4016 contineri.
583 3972 627 4015 an
650 3950 740 4016 vitia
763 3956 826 4015 aut
848 3950 1008 4031 virtutes,
1041 3951 1071 4015 si
1093 3950 1184 4016 forte
1208 3951 1399 4037 complures

100 4056 236 4122 diesin
265 4055 399 4121 homine
422 4077 491 4120 non
513 4059 691 4141 apparent,
717 4052 842 4118 idcirco
879 4053 983 4139 plane
1022 4053 1138 4119 deesse
1176 4054 1216 4135 ei,
1256 4055 1329 4119 sive
1368 4055 1399 4120 si

102 4160 210 4226 semel
234 4163 413 4246 apparent,
439 4157 470 4223 ei
501 4158 612 4225 inesse
640 4157 789 4222 maxima
812 4156 939 4243 putes?
976 4163 1156 4244 praeterea
1189 4157 1262 4235 hac,
1296 4180 1398 4245 quam

101 4263 334 4330 instituturus
357 4285 445 4341 sum,
479 4261 679 4347 quaestione
702 4260 737 4325 in
761 4258 921 4326 Caesaris
945 4283 1078 4348 quoque
1113 4261 1284 4348 capitibus
1308 4261 1398 4328 idem

99 4367 201 4434 nobis
217 4388 404 4447 occurrere,
421 4364 511 4454 quod
525 4364 821 4451 reprehenderunt
836 4363 873 4429 in
893 4363 1131 4442 relationibus,
1146 4363 1397 4437 demonstrabo.

208 4470 274 4537 Sed
304 4474 407 4536 antea
441 4469 720 4535 dissertationem
753 4466 940 4556 quandam,
974 4489 1061 4555 quae
1093 4467 1137 4533 ad
1169 4468 1257 4534 bano
1286 4468 1397 4555 ipsam

98 4575 339 4664 quaestionem
377 4574 522 4639 maxime
559 4572 642 4638 mihi
686 4573 860 4658 pertinere
898 4571 1038 4637 videtur
1075 4593 1243 4658 quamque
1284 4593 1394 4658 nuper

99 4679 274 4763 Georgius
310 4675 447 4763 quidam
487 4676 564 4741 Ihm
574 4678 598 4759 1)
633 4674 812 4755 instituit,
866 4673 1107 4762 inquirendam
1149 4696 1223 4740 esse
1263 4695 1394 4740 censeo.

100 4838 312 4851 ——w———-——-

208 4904 231 4970 ¹)
248 4903 371 4955 Berliner
389 4902 585 4969 philologische
605 4901 830 4953 chhensehrift.
849 4901 960 4955 188011.
982 4900 1014 4951 33
1033 4916 1094 4966 pag.
1112 4902 1190 4953 1000.
