3180 5474
132 1821 228 1924 Qua
258 1826 416 1907 ratione
441 1821 595 1908 Caesar
624 1827 668 1906 in
700 1827 1006 1911 commentariis
1039 1827 1091 1909 de
1123 1826 1236 1911 bello
1260 1824 1426 1912 Gallico

131 1975 172 2045 et
187 1962 296 2046 bello
314 1962 426 2046 civili
445 1964 672 2046 scribendis
689 1963 922 2076 legatorum
941 1963 1162 2047 relationes
1178 1966 1426 2055 adhibuerit.

208 2105 378 2186 Accedit
410 2102 598 2221 quaestio
639 2104 691 2185 de
730 2103 909 2212 septimo
949 2103 1001 2185 de
1041 2103 1151 2186 bello
1189 2100 1355 2188 Gallico

628 2244 932 2325 commentario.

748 2465 835 2530 Saepe
854 2465 946 2530 parvis
965 2466 1108 2516 momentis
1137 2466 1228 2528 magni
1247 2480 1325 2517 casus
1344 2466 1427 2516 inter·

801 2555 942 2608 cesserunt
960 2553 1048 2620 (caes.
1068 2553 1093 2606 b.
1113 2554 1164 2605 civ.
1184 2554 1198 2602 Ι
1216 2553 1256 2614 21,
1278 2553 1311 2614 1).

232 2757 267 2824 Ο.
285 2757 370 2825 Iulii
387 2757 547 2826 Caesaris
571 2758 612 2826 de
635 2759 723 2826 bello
741 2757 839 2826 civili
862 2757 1125 2825 commentarios
1148 2761 1220 2827 tam
1244 2764 1425 2845 corruptos

128 2866 269 2951 tamque
288 2861 518 2949 interpolatos
541 2862 692 2929 traditos
715 2862 899 2929 memoriae
922 2883 1006 2942 esse,
1044 2866 1092 2942 ut,
1126 2865 1194 2928 etsi
1224 2861 1367 2948 plurimi
1389 2863 1425 2929 in

129 2965 178 3033 eis
202 2965 412 3052 corrigendis
444 2966 668 3033 elaborarunt
698 2970 802 3055 atque
841 2965 946 3031 etiam
978 2964 1216 3046 elaborabunt,
1248 2987 1423 3055 nunquam

126 3070 230 3157 plane
253 3068 348 3136 refici
370 3070 515 3156 possint,
540 3073 697 3135 constare
720 3069 814 3134 inter
844 3090 962 3134 omnes
996 3067 1144 3135 videtur.
1190 3068 1308 3157 itaque
1330 3069 1423 3137 haud

125 3173 228 3261 pauci
250 3173 404 3256 fuerunt,
428 3173 487 3263 qui
508 3172 596 3239 hanc
618 3173 859 3260 gravissimam
880 3177 986 3261 atque
1009 3171 1094 3239 adeo
1118 3172 1225 3239 solam
1249 3195 1323 3240 esse
1346 3195 1422 3239 cau-

127 3299 200 3344 sam
223 3281 430 3358 statuerent,
455 3300 516 3344 cur
539 3277 776 3344 commentarii
805 3276 846 3344 de
875 3277 907 3343 b.
932 3299 958 3343 c.
984 3277 1239 3343 commentariis
1270 3277 1365 3343 deb.
1389 3301 1420 3362 g.

127 3380 303 3467 elegantia
326 3381 473 3470 quadam
497 3381 668 3447 scribendi
691 3386 809 3448 essent
832 3387 868 3448 et
891 3379 1077 3466 diligentia
1098 3381 1336 3468 postponendi.
1362 3380 1422 3448 sed

126 3482 210 3550 licet
232 3506 348 3551 omnes
370 3485 438 3551 loci
460 3485 614 3571 corrupti
630 3485 802 3551 emendari
825 3484 967 3571 possint,
992 3489 1110 3551 tamen
1125 3485 1323 3552 accuratius
1340 3509 1420 3574 quo·

126 3585 203 3652 dam
226 3587 324 3653 modo
348 3593 384 3655 et
406 3587 549 3675 politius
573 3589 835 3655 commentarios
859 3589 900 3655 de
916 3589 947 3656 b.
963 3612 994 3674 g.
1012 3611 1114 3676 quam
1130 3588 1172 3656 de
1188 3590 1218 3656 b.
1236 3612 1263 3655 c.
1287 3610 1421 3676 semper

125 3690 340 3760 inveniemus
378 3692 554 3760 confectos
564 3695 598 3777 1).
645 3698 748 3781 atque
776 3692 812 3759 in
842 3693 917 3780 ipso
948 3692 1011 3759 hcc
1046 3692 1166 3760 libello
1204 3693 1352 3780 primum
1384 3700 1420 3762 et

122 3854 331 3864 ---———

227 3919 250 3986 1)
270 3920 309 3993 Oi.
328 3935 389 3984 pag.
409 3922 441 3972 22
461 3920 550 3972 adnot.
570 3920 594 3973 2.
607 3949 639 3957 --
671 3918 783 3987 Teuffel,
802 3919 897 3972 (iesch.
919 3920 966 3971 der
984 3925 1049 3972 rom.
1072 3922 1126 3975 Lit.
1144 3921 1162 3970 4
1177 3936 1203 3986 p.
1223 3920 1281 3981 362,
1305 3921 1349 3971 10:
1368 3921 1417 3971 Die

125 4006 182 4058 drei
200 4006 305 4057 Biicher
333 4005 379 4056 des
404 3992 502 4058 bellum
526 4007 606 4058 civile
633 4006 694 4057 sind
717 4008 923 4059 unverkennbar
950 4006 1111 4067 schwiicher,
1140 4009 1179 4058 sie
1198 4006 1258 4058 sind
1275 4005 1419 4069 fliichtiger

125 4094 277 4157 gearbeitst
303 4093 357 4144 und
384 4093 524 4145 enthalten
542 4093 653 4145 manche
671 4094 888 4145 nnzweiielhaite
907 4094 1164 4156 Nachliissigkeiten
1191 4093 1244 4144 und
1263 4093 1417 4155 Uurichtig·

124 4181 224 4231 keiten.
235 4209 269 4216 -
287 4179 425 4247 Mdhriup,
434 4179 543 4241 Quaest.
555 4181 740 4242 caesarianae,
752 4181 911 4233 Kreuznach
924 4182 998 4233 1858.
1008 4210 1043 4218 -
1052 4180 1125 4242 Quae
1145 4195 1203 4232 cum
1222 4182 1263 4232 ita
1279 4181 1343 4240 sint,
1363 4181 1417 4231 iam

122 4267 228 4332 pridem
247 4274 323 4319 erant
340 4266 379 4334 (in
396 4267 491 4334 primis
510 4269 555 4319 Fr.
573 4266 699 4318 Floridus
718 4266 841 4328 Sabinus,
860 4268 969 4332 Lipsius
987 4267 1107 4335 aliique),
1133 4268 1178 4334 qui
1196 4283 1249 4318 non
1267 4267 1300 4317 ab
1321 4266 1416 4317 ecdem

124 4356 330 4406 commentarios
344 4354 376 4405 de
391 4355 414 4406 b.
429 4370 451 4407 c.
464 4357 492 4405 et
504 4355 708 4406 commentarios
718 4354 750 4405 ds
762 4346 789 4405 i.
801 4370 827 4422 g.
841 4356 958 4420 scriptos
973 4370 1031 4406 esse
1045 4355 1173 4406 dicerent.
1184 4382 1218 4391 -
1236 4352 1416 4419 Hcidtmuua,

122 4443 218 4494 Haben
236 4443 285 4492 wir
303 4441 494 4494 ausreichends
513 4442 641 4493 Garantie
669 4442 712 4492 fiir
736 4441 779 4493 die
797 4442 945 4494 Aechtheit
973 4440 1415 4503 derdem0.1ul.Gasarznge·

122 4528 299 4580 schriebenen
324 4526 382 4578 drei
399 4529 504 4579 Biicher
522 4527 554 4578 de
572 4527 643 4577 bello
663 4526 761 4581 civili?
778 4529 866 4579 Essen
886 4529 960 4580 1867.
977 4557 1011 4567 -
1030 4529 1070 4580 cf.
1091 4529 1172 4579 etiam
1190 4528 1265 4578 illum
1285 4527 1414 4586 libellum,

124 4617 171 4680 qui
197 4632 213 4667 a
238 4614 351 4683 quodam
376 4612 411 4666 H.
430 4616 538 4666 Mosner
563 4615 703 4666 confectus
726 4618 753 4666 et
781 4615 937 4667 Oulmbachi
972 4630 996 4669 a.
1025 4616 1093 4666 1865
1119 4614 1207 4666 editus
1243 4615 1414 4666 inscribitur:

123 4700 269 4766 „Quaestio
287 4702 411 4761 habetur,
437 4716 500 4752 num
518 4701 616 4754 Caesar
640 4702 740 4754 bellum
767 4704 847 4755 civile
872 4704 1045 4768 scripserit“;
1073 4704 1102 4754 in
1121 4718 1172 4769 quo
1200 4704 1310 4768 ponitur
1334 4702 1416 4752 alium

122 4789 264 4852 scripsisse
282 4804 330 4840 sex
347 4789 453 4854 priores
471 4789 555 4840 libros
580 4789 644 4840 belli
663 4790 762 4841 Gallici
780 4794 808 4842 et
828 4791 909 4841 alium
929 4791 1077 4843 coniecisse
1097 4791 1239 4856 septimum
1267 4788 1325 4856 (cir.
1343 4787 1415 4838 infra

121 4890 147 4940 p.
167 4876 201 4926 25
221 4878 249 4927 et
266 4876 310 4944 26)
335 4879 363 4928 et
381 4879 504 4928 octavum
521 4875 620 4928 librum
638 4877 682 4928 vel
699 4877 784 4929 libros
803 4878 869 4928 belli
888 4877 976 4929 civilis
995 4878 1039 4943 (ci.
1062 4876 1250 4930 Wochenschr.
1269 4876 1312 4926 fiir
1330 4875 1414 4925 klass.

122 4963 192 5015 Phil.
213 4963 280 5015 1885
297 4978 323 5018 n.
339 4965 374 5015 46
392 4979 418 5030 p.
438 4961 527 5030 1471).
